4125 6300
985 741 1023 801 59

366 927 538 1003 Chrysippi
565 932 595 987 et
623 927 779 1003 Antipatri
807 927 1013 986 divinationis
1045 928 1262 986 definitionem
1284 926 1327 985 ibi
1348 927 1527 1003 laudatam,
1558 926 1646 986 addi·

365 1036 474 1111 ditque
501 1053 617 1095 nomen
646 1035 823 1110 Posidonii,
855 1052 949 1109 quem
977 1034 1061 1093 idem
1089 1034 1208 1093 dixisse
1237 1034 1468 1106 arbitrabatur;
1498 1035 1553 1093 sed
1582 1053 1645 1093 non

365 1145 408 1203 ita
430 1146 572 1203 mutasse
593 1143 800 1202 Posidonium
821 1143 853 1201 id
876 1142 1026 1201 memoria
1049 1141 1190 1201 tenebat:
1212 1142 1362 1218 potest
1383 1139 1524 1202 essenis
1545 1158 1646 1221 quae-

367 1250 450 1311 dam
471 1250 630 1312 sentiens.

204 1462 259 1536 52,
277 1461 437 1540 nmque
463 1462 523 1524 ille
549 1462 602 1525 rei
628 1462 782 1524 nouitate
803 1461 986 1541 μονοιιίειιε
1007 1498 1044 1505 -
1068 1481 1139 1541 qua
1163 1460 1225 1523 illo
1246 1461 1298 1523 rei
1318 1462 1472 1524 nouitate
1486 1463 1647 1541 ρονιυίοο

367 1570 530 1644 Davisius;
560 1572 616 1630 sed
644 1589 717 1631 oum
746 1571 832 1647 apud
863 1570 993 1630 Sueton.
1019 1570 1109 1630 Caes.
1134 1588 1160 1630 e.
1186 1571 1222 1629 77
1251 1587 1316 1629 non
1341 1570 1459 1631 Gaesar
1481 1571 1648 1646 perculsus

366 1694 436 1736 esse
463 1678 604 1753 dicatur,
635 1679 691 1737 sed
721 1678 903 1753 Spurinna,
934 1678 1146 1753 Hottingerus
1174 1678 1305 1737 eonieeit
1332 1694 1404 1754 pua
1423 1674 1475 1737 rei
1496 1675 1649 1738 nouitate
1699 1672 1700 1677 ’

342 1805 344 1809 ’
368 1782 483 1860 (deleto
510 1782 593 1861 ille).
625 1785 744 1845 Contra
771 1786 842 1843 iure
870 1784 1005 1843 Rathius
1034 1784 1114 1842 dixit
1144 1783 1344 1859 mueronem,
1372 1785 1399 1843 si
1421 1784 1453 1842 id
1475 1784 1645 1859 voluisset,

367 1890 472 1963 potius
496 1890 663 1966 scripsisse
685 1907 757 1967 qua
776 1888 829 1950 rei
849 1890 1002 1950 nouitate
1018 1888 1201 1966 μονοιιίειιο
1222 1888 1404 1967 Spurinna
1425 1907 1502 1951 euru
1524 1889 1649 1952 diceret

366 2013 470 2070 neque
496 1997 528 2055 in
558 1998 622 2056 ullo
649 1993 869 2073 manuscripto
896 1995 956 2057 ille
982 1997 1109 2071 abesse;
1139 1997 1256 2056 ideireo
1285 1998 1467 2073 proposuit:
1497 2015 1568 2075 qua
1589 1995 1649 2057 ille

365 2101 418 2162 rei
443 2101 597 2165 nouitate
623 2121 695 2164 non
715 2103 913 2180 percuteres,
944 2122 1022 2164 συντ
1045 2103 1078 2181 (i.
1098 2122 1124 2163 e.
1148 2102 1286 2181 etiamsi)
1310 2102 1491 2180 Spurinna
1512 2108 1569 2164 eet.
1594 2105 1648 2164 ad·

366 2209 446 2268 dens
468 2228 576 2269 voeem
598 2227 669 2270 non
691 2211 877 2286 saepissime
897 2229 916 2270 a
937 2211 1077 2270 librariis
1095 2228 1262 2286 perperam
1280 2212 1438 2270 intrusam
1455 2212 1505 2270 vel
1518 2212 1648 2271 eiectam

366 2333 445 2375 esse.
477 2317 640 2377 Goerenzii
669 2318 850 2377 coniectura
878 2334 950 2395 pua
977 2315 1043 2377 illa
1069 2315 1121 2377 νεῖ
1148 2320 1204 2376 aet.
1229 2317 1307 2392 quid
1329 2318 1551 2393 proficiamus,
1583 2335 1647 2377 non

368 2424 475 2499 video,
506 2425 562 2484 sed
589 2426 736 2484 Moserus
763 2425 1018 2502 ingeniosissime
1047 2441 1119 2502 qua
1145 2422 1204 2485 ille
1230 2441 1267 2484 re
1294 2441 1366 2484 non
1393 2422 1447 2484 ita
1471 2426 1535 2500 est,
1566 2443 1649 2499 quae

367 2532 547 2590 oonieetura
569 2533 680 2591 esteris
702 2533 802 2591 multo
824 2549 865 2591 m.
883 2533 904 2590 i.
928 2534 1079 2608 praestat.

206 2742 398 2819 53,121:u'
426 2743 512 2805 luna
649 2746 852 2824 Dareusque
879 2736 1071 2807 moreretur
1096 2777 1136 2787 —
1163 2746 1203 2805 oi.
1231 2745 1355 2804 Arrian.
1381 2746 1502 2820 Exped.
1527 2747 1573 2805 Al.
1598 2747 1649 2804 III

369 2852 403 2927 7,
428 2852 460 2925 6;
484 2853 572 2913 Ourt.
597 2855 641 2913 IV
663 2855 714 2930 10,
739 2855 787 2914 39.

207 3056 486 3139 53‚121:sen'br‘t
513 3047 729 3128 Herodotus,
762 3057 878 3120 Croesi
904 3058 1020 3119 filiurn
1049 3077 1127 3120 euru
1154 3062 1238 3120 esset
1266 3014 1399 3135 infans,
1434 3058 1587 3120 loentum
1612 3094 1648 3100 =—

368 3167 407 3225 ei.
434 3167 550 3226 Herod.
576 3168 666 3241 1853
689 3168 767 3227 Geli.
790 3169 829 3227 N.
842 3170 877 3226 A.
902 3169 929 3226 V
949 3168 984 3243 9,
1011 3168 1097 3227 1-4.

208 3381 473 3463 53‚121:euput
494 3378 620 3440 arsisse
640 3379 758 3441 Seruio
783 3379 894 3442 Tullio
915 3414 955 3423 —
976 3383 1024 3441 oi..
1042 3383 1108 3440 Liv.
1134 3383 1149 3440 Ι
1171 3382 1224 3456 39,
1248 3382 1331 3441 Flor.
1357 3383 1372 3440 Ι
1394 3382 1428 3457 6,
1454 3382 1481 3440 1.

109 3666 116 3689 v
208 3611 247 3669 54
254 3655 262 3685 ‚
280 3611 354 3669 122:
368 3603 457 3672 Quae
486 3605 594 3664 Cicero
623 3606 683 3664 hoe
703 3606 771 3665 loeo
792 3606 832 3664 de
855 3605 996 3665 Socratis
1017 3606 1185 3665 daemonio
1207 3608 1335 3681 narrat,
1360 3606 1554 3664 conveniunt
1576 3624 1648 3666 eum

369 3711 448 3770 Plat.
480 3712 598 3788 Theag.
624 3731 654 3788 p.
681 3712 738 3771 128
761 3714 804 3771 D:
834 3711 895 3772 ἔστι
923 3710 984 3789 γάρ
1012 3733 1037 3772 τι
1066 3711 1138 3790 θείᾳ
1159 3711 1257 3790 μοίρᾳ
1277 3709 1501 3789 παρεπόμενον
1522 3710 1593 3788 ἐμοὶ
1614 3711 1649 3772 ἐκ

367 3815 482 3885 παιδὸς
513 3817 693 3897 ἀρξάμενον
724 3815 897 3894 δαιμόνιον.
929 3817 990 3879 ἔστι
1022 3817 1057 3879 δὲ
1088 3822 1179 3879 τοῦτο
1208 3818 1319 3898 φωνή,
1348 3819 1384 3898 ἢ,
1414 3817 1489 3879 ὅταν
1511 3819 1649 3898 γένηται,

369 3922 418 3984 ἀεί
441 3946 497 4003 μοι
524 3924 683 4003 σημαίνει,
712 3924 789 3984 ὃᾶν
810 3923 916 4002 μέλλω
938 3925 1097 4004 πράττειν,
1126 3924 1237 3985 τούτοιν
1260 3924 1460 4005 ἀποτροπήν,
1482 3925 1650 4004 προτρέπει

370 4029 404 4091 δὲ
435 4029 602 4105 οὐδέποτε,
633 4029 687 4091 καὶ
718 4031 773 4092 ε’άν
803 4030 846 4099 τίς
873 4054 929 4110 μοι
956 4035 1020 4092 τῶν
1049 4029 1151 4111 φίλων
1179 4029 1390 4092 ἀνακοινιῖιται
1411 4031 1464 4092 καὶ
1485 4032 1648 4112 γένηταιη

369 4137 480 4216 φωνή,
507 4136 601 4198 ταύτὸ
629 4142 720 4199 τοῦτο
749 4137 917 4217 ἀποτρέπει
943 4138 996 4199 καὶ
1018 4138 1078 4199 οὐκ
1100 4139 1137 4218 ἑᾷ
1157 4160 1317 4216 πραττειν,
1341 4141 1379 4199 ei.
1404 4141 1534 4216 Apolog.
1560 4159 1586 4200 ο.
1613 4142 1649 4200 19

368 4262 399 4320 p.
423 4245 460 4304 31
485 4247 526 4321 Ι),
552 4247 608 4305 sed
629 4265 693 4307 non
716 4251 900 4323 congruunt
921 4265 994 4307 enm
1015 4248 1055 4306 iis
1077 4265 1161 4322 quae
1181 4248 1268 4322 apud
1291 4248 1531 4323 Xenophontem
1553 4249 1646 4307 Mem.

369 4353 639 4430 Ildlegimus:
679 4351 714 4413 τὸ
746 4352 910 4432 δαιμόνιον
943 4352 1003 4431 γὰρ
1036 4353 1097 4432 ἔφη
1130 4351 1308 4432 σημαίνειν,
1347 4351 1400 4413 καὶ
1429 4351 1556 4421 πολλοῖς
1587 4358 1650 4415 τῶν

369 4456 528 4529 ξυνόντων
548 4458 747 4539 προηγόρευε
769 4460 804 4520 τὰ
826 4459 885 4538 μὲν
904 4465 1016 4534 ποιεῖν,
1040 4457 1076 4520 τὰ
1096 4458 1191 4540 δὲμὴ
1210 4465 1326 4531 ποιεῖν,
1348 4459 1394 4527 ὡς
1411 4463 1465 4520 τοῦ
1484 4457 1649 4536 δαιμονίου

368 4565 656 4645 προσημαίνοντος,
678 4569 734 4627 nbi
755 4569 958 4627 daemonium
978 4587 1043 4628 non
1062 4570 1156 4628 modo
1174 4569 1370 4628 dissuasisse
1382 4567 1647 4645 (,‚revooasse”)‚

369 4675 424 4733 sed
445 4675 539 4734 etiam
562 4675 705 4735 suasisse
728 4674 974 4752 (‚‚impulisse”)
998 4677 1126 4736 dieitur.

209 4895 263 4970 55,
283 4894 354 4956 125:
371 4887 452 4946 Plut.
477 4887 516 4945 de
537 4888 617 4963 plae.
642 4888 719 4962 phil.
745 4888 759 4945 l
781 4888 820 4947 28
845 4887 938 4964 (Mor.
962 4906 993 4963 p.
1018 4888 1078 4947 885
1102 4887 1161 4963 B):
1185 4887 1216 4948 οῖ
1235 4885 1375 4947 Στωικοὶ
1397 4885 1506 4965 εἱρμὸν
1528 4887 1649 4958 αἰτιῶν,

370 4991 503 5054 τουτέστι
534 4991 618 5063 τάξιν
650 4991 703 5053 καὶ
734 4991 929 5054 έπισύνὸεσιν
960 4992 1177 5071 ἀπαράβατον.
1209 4991 1429 5061 Ποσειδώνιος
1456 4994 1557 5074 τρίτην
1586 4992 1650 5055 ἀπὸ

371 5097 452 5166 Διὸς·
484 5102 612 5177 πρῶτον
642 5099 701 5177 μὲν
733 5098 793 5178 γὰρ
825 5097 902 5160 εἶναι
930 5097 984 5160 τὸν
1012 5098 1087 5176 Δία,
1118 5099 1263 5178 δεύτερον
1285 5099 1472 5189 τὴνφύσιν,
1495 5101 1595 5179 τρίτον
1617 5100 1651 5162 δὲ

371 5204 427 5285 τὴν
447 5205 649 5285 εἷμαρμένην.
