4125 6300
1059 772 1097 840 18

344 958 365 1045 ἓ
386 963 422 1030 5.
472 963 571 1027 Venio
592 983 679 1028 nunc
700 964 740 1027 ad
761 967 936 1028 sententias
953 966 1097 1027 virorum
1113 968 1296 1045 dootomm,
1322 984 1396 1029 nam
1411 966 1498 1030 iniis
1513 968 1716 1046 quaeadhuc

432 1075 586 1151 disserui,
611 1077 721 1135 studui
742 1076 979 1151 demonstrare,
1003 1094 1062 1134 cur
1083 1076 1274 1136 Posidonius
1295 1078 1369 1136 fons
1389 1080 1563 1152 primarius
1584 1080 1617 1137 in
1637 1080 1717 1139 libro

431 1184 536 1258 primo
560 1184 601 1241 sit
622 1183 798 1242 ducendus.
832 1183 895 1242 Sed
914 1184 948 1241 in
970 1184 1108 1258 singulis
1129 1184 1226 1241 rebus
1249 1186 1309 1241 viri
1329 1185 1413 1243 docti
1433 1186 1517 1243 inter
1539 1204 1573 1243 se
1594 1186 1715 1244 dissen-

431 1291 530 1365 tiunt,
553 1294 598 1365 et,
622 1289 700 1365 pace
713 1308 823 1349 eorum
839 1291 988 1363 dixerim,
1011 1294 1060 1348 est
1074 1291 1130 1348 ubi
1144 1292 1307 1366 faliantur,
1328 1309 1432 1366 neque
1445 1293 1562 1351 desunt
1577 1309 1660 1366 quae
1675 1294 1715 1352 ab

431 1398 543 1455 iisdem
558 1398 783 1471 praetermissa
797 1415 868 1455 esse
883 1398 1062 1471 videantur,
1079 1414 1152 1455 cum
1167 1398 1374 1456 nihilominus
1389 1398 1429 1457 ad
1444 1416 1512 1457 rem
1523 1400 1711 1473 pertineant.

472 1504 498 1562 E
528 1522 563 1563 re
588 1505 648 1563 erit
675 1504 814 1579 primum
836 1505 876 1562 de
905 1503 1107 1577 Schichii,
1137 1502 1312 1562 deindede
1339 1506 1616 1580 Hartfelderi,
1646 1508 1715 1564 tum

431 1610 472 1669 de
498 1612 530 1668 H
538 1612 651 1687 oyeri
679 1611 836 1669 sententia
862 1610 1044 1685 disputare,
1077 1627 1151 1668 nam
1178 1611 1206 1668 is
1234 1612 1294 1669 fuit
1321 1614 1502 1685 temporum
1523 1612 1619 1687 ordo,
1650 1630 1715 1687 quo

431 1719 607 1786 sententiae
626 1718 773 1794 singulae
793 1718 826 1774 in
846 1718 949 1775 lucem
969 1718 1167 1791 prodierunt.

474 1825 695 1884 Schichius
726 1826 759 1882 in
789 1824 933 1898 quinque
963 1827 1072 1898 partes
1104 1824 1287 1883 Ciceronem
1319 1824 1436 1883 ideirco
1466 1825 1714 1899 disputationem

431 1950 524 1992 suam
545 1932 695 1990 divisisse
714 1931 890 1990 arbitratur
900 1929 945 2005 1),
969 1931 1056 2004 quod
1078 1931 1105 1989 ei
1127 1934 1255 2005 praesto
1275 1934 1383 1989 essent
1408 1932 1623 1991 Posidonii
1643 1930 1715 2007 περὶ

430 2043 583 2117 μαντικῆς
602 2039 700 2098 libri
722 2037 956 2113 quinque2),
980 2038 1100 2111 quibus
1114 2038 1223 2096 eodem
1239 2038 1333 2096 modo
1347 2038 1387 2097 de
1400 2038 1509 2097 eodem
1524 2043 1715 2115 argumento
1767 2101 1769 2107 ,

430 2151 589 2222 ageretur.
614 2146 704 2214 Quae
724 2149 832 2219 parfes
853 2142 984 2220 sunto:

471 2254 512 2311 10.
556 2253 836 2311 divinationis
863 2253 1088 2311 universae
1114 2251 1303 2311 defensio
1332 2250 1376 2329 ἐξ
1399 2252 1534 2325 8—25b3

470 2360 512 2418 20.
556 2359 603 2417 de
629 2360 893 2418 divinatione
919 2358 1160 2416 artificiosa
1190 2356 1235 2435 ἐξ
1258 2358 1391 2430 34-37;
1463 2334 1466 2339 Ι

469 2468 511 2526 3⁰.
555 2468 606 2527 de'
629 2467 892 2525 divinatione
919 2466 1105 2524 naturali
1134 2463 1179 2543 ἓξ
1201 2465 1335 2538 37-84;

469 2574 510 2633 4⁰.
556 2574 708 2649 quibus
736 2573 859 2631 rebus
887 2572 1094 2631 divinatio
1121 2572 1394 2631 confirmetur
1423 2570 1468 2649 ἐξ
1489 2572 1623 2645 84-97;

469 2681 511 2741 5⁰.
556 2682 742 2740 rationes
782 2680 1100 2755 philosophicae
1136 2679 1416 2738 divinationis
1456 2677 1501 2756 ἐξ
1542 2679 1709 2738 109-132.

432 2789 494 2848 Sed
520 2789 598 2846 mihi
619 2788 737 2846 librum
762 2788 902 2862 primum
925 2786 965 2845 de
988 2786 1183 2845 divinatione
1203 2787 1418 2860 perscrutanti
1438 2786 1491 2845 illa
1512 2786 1626 2844 divisio
1648 2804 1711 2845 non

428 2898 471 2955 ita
492 2899 560 2955 erat
581 2896 766 2970 perspicua,
793 2895 891 2952 immo
913 2911 988 2952 vero
1009 2893 1108 2951 multa
1130 2896 1221 2951 erant
1242 2893 1353 2967 obvia,
1378 2910 1461 2967 quae
1481 2893 1510 2952 ei
1531 2910 1712 2968 repugnare

430 3004 624 3062 viderentur.
655 3004 725 3061 Iam
752 3002 893 3076 primum
923 3001 1031 3061 Cicero
1061 2997 1081 3076 §
1111 2999 1148 3058 34
1177 3018 1240 3058 non
1266 3017 1383 3058 novam
1412 3002 1535 3074 partem
1556 3000 1655 3058 ordiri
1678 3018 1712 3058 se

429 3111 604 3187 significat,
635 3108 905 3184 quemadmodum
935 3105 954 3185 ἕ
985 3106 1022 3166 16
1050 3107 1105 3166 ubi
1132 3108 1299 3182 professus
1329 3110 1377 3167 est
1408 3124 1467 3182 pro
1497 3108 1604 3166 omni
1632 3107 1711 3166 divi-

427 3219 557 3278 natione
584 3235 619 3275 se
645 3233 879 3291 responsurum
907 3218 937 3273 et
966 3213 986 3291 ξ
1015 3214 1054 3273 37
1081 3214 1137 3272 ubi
1164 3213 1282 3273 diserte
1303 3214 1383 3272 dixit
1404 3215 1499 3273 sede
1525 3214 1710 3273 naturali

428 3325 797 3404 divinationenacturum
826 3325 856 3380 et
886 3318 905 3397 ξ
937 3321 991 3395 72,
1022 3337 1087 3395 quo
1114 3321 1182 3379 loco
1209 3321 1376 3379 exordium
1404 3321 1511 3379 statim
1532 3304 1651 3379 indicat
1672 3321 1711 3378 de

428 3431 666 3490 artificiosa
694 3445 874 3487 sermonem
902 3428 979 3486 fore.
1013 3424 1218 3502 Schichius4)
1247 3426 1298 3486 iile
1319 3427 1447 3502 quidem
1469 3427 1582 3487 nititur
1603 3427 1710 3485 simili·

427 3538 539 3597 tudine
565 3554 648 3612 quae
674 3537 757 3595 inter
786 3534 830 3613 ἓξ
860 3535 979 3595 35-36
999 3536 1030 3592 91
1053 3531 1072 3610 ἕ
1097 3533 1153 3592 109
1173 3534 1349 3593 intercedit.
1377 3535 1516 3608 Utroque
1536 3534 1621 3593 enim
1642 3535 1710 3592 loco

427 3646 537 3703 eodem
558 3644 670 3703 ordine
690 3661 796 3703 sermo
816 3645 865 3701 est
886 3643 925 3701 de
945 3641 1042 3715 extiS,
1067 3640 1266 3716 fulguribus,
1290 3641 1463 3715 portentis,
1487 3641 1600 3715 astris,
1625 3641 1710 3698 unde

427 3752 524 3810 efficit
555 3751 698 3809 eiusdem
727 3750 825 3808 fontis
855 3750 960 3808 locum
991 3764 1093 3806 unum
1124 3747 1175 3805 his
1206 3746 1334 3806 duobus
1364 3748 1441 3806 locis
1473 3747 1613 3806 Tullium
1640 3765 1710 3805 esse

428 3862 583 3918 secutum.
617 3858 656 3916 At
686 3857 714 3916 si
744 3857 927 3933 diligentius
958 3871 1069 3913 omnes
1097 3854 1182 3914 locos
1210 3855 1415 3929 inspexisset,
1448 3852 1562 3931 iam'§
1594 3853 1709 3914 16-22

427 3965 566 4025 breviter
593 3965 632 4023 de
659 3965 740 4023 extis
767 3971 797 4023 et
825 3963 1009 4039 fulguribus
1037 3964 1067 4020 91
1094 3961 1248 4037 prodigiis
1275 3961 1373 4020 verba
1401 3961 1471 4019 fieri
1498 3961 1705 4037 repperisset,

427 4090 500 4133 oum
531 4073 565 4131 in
598 4070 618 4149 ξ
647 4071 685 4130 23
717 4072 822 4130 adhuc
852 4072 891 4128 de
918 4071 1070 4129 universa
1098 4069 1293 4127 divinatione
1320 4073 1445 4144 agatur.
1480 4069 1544 4127 Nec
1573 4069 1705 4142 mirum,

427 4198 502 4240 nam
533 4180 560 4238 si
588 4180 661 4254 quis
689 4179 728 4238 de
754 4178 841 4236 omni
868 4177 1065 4236 divinatione
1090 4175 1228 4234 disserat
1255 4177 1285 4233 et
1312 4175 1464 4251 exemplis
1492 4191 1608 4232 ornare
1636 4176 1709 4233 velit

427 4286 691 4362 disputationem,
722 4302 851 4344 necesse
878 4287 926 4343 est
950 4300 1023 4341 eum
1045 4283 1123 4340 haec
1143 4282 1286 4357 exempla
1309 4299 1435 4340 sumere
1455 4287 1511 4339 aut
1532 4299 1549 4339 e
1571 4281 1707 4340 naturali

426 4394 622 4452 divinatione
642 4398 698 4451 aut
718 4410 758 4451 ex
779 4391 959 4450 artificiosa.
990 4387 1109 4465 (Tertia
1131 4405 1194 4447 non
1217 4387 1339 4465 datur.)
1364 4387 1398 4447 Si
1419 4388 1517 4463 igitur
1541 4387 1708 4446 Schichius

426 4501 471 4560 l.l.
501 4518 541 4558 ex
569 4500 619 4558 his
644 4499 795 4574 exemplis
805 4498 849 4568 5):
879 4499 990 4557 terroe
1009 4511 1111 4570 saepe
1130 4492 1291 4554 fremitus
1310 4511 1412 4571 saepe
1431 4492 1588 4571 munitus
1607 4510 1709 4570 saepe

424 4609 542 4667 'motos
579 4607 676 4665 efficit
713 4605 896 4665 Ciceronem
931 4620 994 4661 non
1030 4603 1070 4660 de
1103 4603 1189 4661 omni
1223 4603 1434 4676 divinatione,
1476 4602 1532 4660 sed
1567 4601 1606 4659 de
1638 4601 1707 4659 eius

461 4909 482 4980 1)
520 4910 639 4962 Schihins
657 4928 682 4977 p.
701 4909 744 4962 25.

460 5001 484 5066 2)
520 5000 559 5052 Cf.
578 5018 603 5067 p.
623 5000 665 5051 27.

460 5091 483 5155 3)
519 5091 558 5141 Cf.
578 5089 739 5150 Sohiohinm‚
759 5106 783 5155 p.
802 5087 832 5151 9,
855 5087 901 5151 10,
922 5088 969 5149 14,
992 5089 1039 5151 15,
1058 5086 1108 5150 20,
1127 5085 1176 5150 23,
1196 5085 1243 5149 25,
1263 5087 1305 5136 41.

460 5180 482 5246 ⁴)
519 5198 544 5248 p.
566 5179 606 5232 12.

460 5269 483 5338 ⁵)
520 5269 680 5340 §§35,36.
