4125 6300
984 764 1023 823 27

1036 945 1270 1009 Cassandram
1305 947 1421 1009 filiam
1454 946 1647 1008 divinantis

1030 1054 1188 1116 babebat.

405 1161 495 1240 512.
541 1161 588 1223 At
607 1164 841 1224 tortassenon
857 1160 978 1223 omnia
1074 1160 1164 1239 524.
1211 1161 1259 1222 At
1298 1179 1565 1240 nonnumquam
1607 1178 1650 1242 ea

364 1268 523 1330 eueniunt
553 1287 643 1348 quae
667 1268 853 1347 praedicta
882 1270 973 1330 sunt.
1033 1285 1123 1346 anae
1138 1268 1324 1345 praedicta
1344 1271 1427 1329 sunt
1445 1266 1562 1328 minus
1580 1285 1646 1328 eoe-

363 1375 414 1437 Ne
434 1373 532 1453 aepri
554 1374 694 1453 qnidam
713 1374 799 1453 qaia
813 1393 885 1435 non
900 1392 977 1435 con·
1032 1373 1145 1435 niunt.
1171 1374 1268 1449 Quae
1286 1376 1427 1436 tandem
1446 1374 1485 1435 id
1502 1393 1561 1435 ars
1576 1392 1647 1435 nan

364 1482 553 1558 valesarmt,
575 1480 705 1543 idcirco
724 1500 783 1543 ars
796 1482 897 1543 nulla
912 1499 977 1543 me·
1031 1481 1156 1542 babet?
1176 1500 1296 1542 earnm
1315 1480 1391 1542 dico
1411 1480 1543 1542 artium
1559 1499 1649 1559 quae

365 1586 502 1649 dicinae
527 1591 585 1649 est.
614 1586 726 1666 Sipna
748 1589 979 1651 ostenduntur
1032 1588 1230 1650 coniectura
1257 1587 1479 1649 continentur
1507 1589 1539 1648 et
1566 1590 1648 1648 sunt

365 1711 387 1754 a
409 1693 465 1756 dis
484 1713 601 1755 rernm
621 1696 834 1756 futurarum.
861 1695 903 1755 In
924 1693 979 1755 bis
1033 1695 1236 1773 opinabilia.
1282 1694 1338 1755 An
1378 1694 1552 1757 medicina
1590 1712 1648 1755 ars

363 1799 396 1861 si
417 1800 480 1878 qui
500 1803 715 1878 nravnnnt,
741 1820 812 1863 nan
834 1802 978 1863 deornm
1033 1820 1105 1863 non
1120 1802 1289 1880 putanda
1309 1801 1382 1863 est?

364 1908 511 1984 natura,
548 1908 609 1969 sed
638 1908 821 1969 hominnm
852 1908 978 1970 coniec-
1076 1909 1160 1987 511.
1184 1927 1262 1970 cum
1278 1907 1648 1987 antiquissimamsen-

366 2016 447 2075 tnra
462 2014 627 2092 peccarit.
652 2015 777 2093 Itaque
796 2014 887 2076 inter
908 2034 978 2076 om·
1036 2015 1180 2076 tentiam
1213 2017 1287 2075 tum
1318 2013 1476 2075 omnium
1501 2013 1647 2091 popul·

364 2119 421 2181 nis
458 2120 616 2182 omnium
653 2121 810 2200 pontium
841 2140 980 2185 summa
1033 2141 1113 2183 rum
1142 2124 1174 2183 et
1199 2119 1357 2200 pontium
1385 2138 1551 2182 consensu
1572 2138 1647 2181 aon·

366 2229 520 2300 constal,·
535 2226 697 2290 amnibus
712 2228 804 2291 enim
816 2229 979 2294 innatum
1028 2228 1220 2307 probatam
1240 2246 1376 2306 sequor.

366 2335 415 2395 est
439 2334 478 2395 in
500 2334 620 2396 animo
643 2335 746 2413 quasi
767 2336 980 2415 insculptam

366 2458 435 2502 esse
456 2441 547 2503 deos.

408 2547 493 2625 (vide
524 2567 623 2626 supra
653 2549 673 2628 ς
702 2552 737 2610 12
769 2549 807 2610 in
834 2550 908 2617 bis.
924 2597 930 2611 .
946 2596 975 2612 ..
1077 2549 1185 2628 §1111
1216 2549 1306 2610 male
1323 2548 1475 2611 coniecta
1493 2547 1650 2625 maleque

361 2653 541 2732 peccarit).
1034 2656 1265 2735 interpretata
1290 2656 1384 2717 falsa
1405 2657 1488 2717 sunl
1508 2673 1579 2716 non
1600 2673 1649 2714 re·

1034 2782 1114 2825 rum
1141 2762 1227 2824 vitio
1254 2763 1315 2824 sed
1342 2762 1570 2840 interpretum
1598 2760 1649 2821 in·

1034 2870 1189 2933 scicntia.

409 2974 499 3053 517.
545 2976 757 3055 quibusdam
779 2979 981 3058 repionibns
1077 2978 1161 3057 579.
1196 2995 1267 3038 non
1285 2976 1442 3037 ridemus
1457 2994 1563 3054 quam
1579 2974 1651 3036 sint

367 3084 472 3161 alque
498 3083 643 3145 urbibus
669 3085 867 3166 continpere
891 3086 980 3149 ride·
1035 3088 1136 3148 naria
1168 3089 1341 3148 terrarum
1369 3081 1521 3163 penora?
1548 3127 1647 3143 .....

368 3207 445 3251 mus
461 3190 638 3253 hebetiora
654 3196 693 3254 ut
710 3194 782 3256 sint
798 3195 980 3257 bominum
1035 3197 1118 3256 sunt
1134 3197 1256 3273 partes
1277 3209 1445 3271 aprorum
1467 3190 1559 3251 aliae
1573 3207 1650 3268 pes·

367 3295 511 3375 inpenia
522 3302 670 3376 propter
687 3301 773 3362 caeli
785 3302 981 3379 pleniorem
1038 3302 1190 3375 tilentes,
1227 3299 1320 3362 aliae
1352 3298 1523 3374 salubres,
1559 3295 1651 3358 aliae

368 3406 534 3465 naturam
545 3406 581 3482 1).
1037 3427 1127 3489 quae
1164 3411 1268 3470 ancta
1302 3403 1445 3485 inycnia
1480 3403 1647 3482 pionem,

1036 3515 1111 3577 alia
1140 3532 1230 3593 qnae
1252 3515 1391 3594 retusa·
1420 3529 1509 3590 qnae
1530 3509 1651 3572 omnia

1036 3621 1130 3683 liunt
1158 3623 1189 3682 el
1210 3639 1246 3682 en
1268 3619 1354 3682 caeli
1374 3617 1541 3681 uarietate
1562 3623 1594 3679 et
1615 3635 1651 3678 en

1037 3727 1204 3806 disparili
1214 3725 1457 3805 adspiratione
1465 3728 1649 3786 terrarum.

411 3830 521 3909 5167.
545 3833 653 3895 Nemo
680 3834 791 3913 ipitur
811 3837 865 3897 vir
887 3856 981 3916 map-
1079 3835 1165 3914 580.
1200 3834 1313 3912 Nepat
1332 3817 1517 3894 enim‘sine
1535 3833 1652 3892 furore

368 3955 436 3999 nns
461 3938 537 4000 sine
558 3940 679 4019 aliquo
702 3942 841 4005 adflatu
862 3944 982 4006 diuino
1039 3941 1256 4003 Democritus
1281 3957 1492 4020 quemquam
1507 3939 1651 4017 poitam

369 4062 526 4123 unquam
546 4047 635 4109 fnit·
651 4094 657 4108 ·
674 4094 704 4109 ··
1038 4067 1206 4128 maynum
1224 4066 1293 4109 esse
1305 4065 1424 4125 posse,
1447 4046 1542 4125 quod
1559 4045 1651 4106 idem

1038 4155 1124 4217 dicit
1145 4154 1260 4216 Plato

410 4259 542 4338 Mapna
561 4260 600 4321 di
613 4264 753 4337 curant,
773 4279 889 4339 parua
903 4281 982 4342 nep·
1080 4262 1185 4341 5118.
1219 4261 1311 4322 Nam
1323 4277 1394 4320 non
1399 4259 1516 4337 placet
1526 4257 1653 4320 Stoicis

371 4365 498 4443 lepnnt.
1037 4369 1188 4448 sinpnlis
1199 4368 1351 4429 iecorum
1361 4364 1652 4428 fissisautauium

1038 4476 1198 4539 cantibus
1207 4475 1369 4537 interesse
1379 4474 1482 4536 deum
1496 4508 1530 4515 -
1543 4490 1653 4550 neque

1039 4583 1130 4645 enim
1159 4583 1321 4644 decorum
1349 4584 1399 4642 esl
1419 4598 1479 4642 neo
1500 4579 1556 4641 dis
1578 4578 1651 4657 dip-

1038 4708 1123 4751 num
1135 4707 1195 4750 nea
1204 4687 1284 4749 lieri
1294 4687 1367 4749 ullo
1374 4690 1480 4765 paeto
1487 4689 1604 4764 potest
1613 4719 1652 4730 -

1037 4797 1098 4858 sed
1126 4795 1179 4856 ita
1206 4813 1229 4856 a
1247 4794 1428 4872 principio
1450 4793 1652 4854 ineboatum

1039 4921 1107 4965 esse
1137 4902 1324 4978 mundum,
1359 4905 1399 4963 ul
1426 4901 1526 4963 cerlis
1552 4901 1654 4963 rebus

1038 5012 1130 5072 certa
1151 5008 1254 5087 sipna
1270 5010 1545 5087 praecurrerent.

334 5289 339 5300 ,
407 5229 428 5294 l)
465 5230 533 5281 Illud
551 5231 603 5281 iam
622 5231 760 5298 Chrysippi
779 5231 856 5283 tuisse
874 5232 997 5298 placitum
1016 5232 1090 5284 docet
1109 5231 1173 5283 liber
1191 5230 1223 5282 de
1241 5231 1294 5281 lato
1312 5248 1334 5281 c.
1353 5231 1378 5281 4.
