4125 6300
993 730 1030 789 55

212 914 267 988 37,
295 916 349 975 81:
372 912 600 974 obiciuntur.
626 961 632 973 .
660 960 665 974 .
693 961 700 974 .
726 914 889 976 exercitus
910 949 947 957 —
969 918 1024 991 qui
1045 919 1163 976 attente
1180 917 1277 992 leget,
1303 917 1533 977 animadvertet
1549 936 1652 977 exem·
1687 976 1689 979 .

372 1023 460 1097 plum
489 1022 610 1080 Brenni
630 1040 765 1097 prorsus
787 1040 851 1081 non
873 1024 905 1082 in
928 1024 1014 1083 huno
1035 1025 1140 1083 locum
1161 1025 1330 1099 quadrare.
1363 1024 1463 1084 Cuius
1485 1026 1652 1101 neglegen-

372 1129 433 1187 tiae
454 1130 579 1188 videtur
601 1147 698 1189 eausa
719 1147 790 1189 esse
807 1130 984 1205 festinati0,
1009 1148 1073 1204 qua
1092 1131 1201 1190 Cicero
1220 1132 1278 1190 hoc
1296 1133 1487 1205 opusculum
1506 1132 1648 1192 coniecit.

210 1316 266 1392 37,
294 1318 349 1377 81;
372 1332 433 1393 epo
458 1314 649 1392 providebo
677 1319 734 1376 oet.
766 1350 805 1359 —
834 1318 859 1375 E
883 1317 1009 1376 Iustino
1031 1318 1133 1376 XXIV
1154 1317 1172 1376 8
1193 1320 1279 1392 patet
1308 1318 1397 1376 albas
1420 1318 1561 1393 virgines
1582 1336 1653 1377 esse

372 1422 505 1481 Dianam
538 1426 569 1482 et
603 1424 791 1482 Minervam.
826 1424 954 1482 Tzetzes
989 1424 1022 1482 in
1059 1424 1138 1483 Chil.
1164 1425 1208 1482 XI
1241 1424 1299 1483 394
1334 1441 1462 1482 versum
1495 1424 1652 1484 Graecum
1736 1400 1740 1413 ⁵

370 1530 513 1588 exhibet:
550 1527 646 1606 „ipoi
677 1528 803 1608 μελήσει
835 1533 929 1590 ταῦτα
960 1528 1014 1593 καὶ
1042 1528 1167 1596 λευκαῖς
1195 1528 1330 1608 κόραις”
1353 1528 1409 1609 τὴν
1432 1528 1572 1609 Ἀθηνᾶν
1599 1529 1652 1592 καὶ

364 1633 507 1713 Ἄρτεμιν
527 1634 641 1703 λευκὰς
663 1635 693 1696 δ’
716 1635 832 1716 εἰρήκει
853 1634 962 1714 κόρας.

106 1805 107 1808 ¹
210 1826 266 1898 38,
293 1827 347 1885 83:
364 1839 591 1898 praenoscere
617 1856 656 1864 -
684 1824 900 1898 expectaveris
932 1822 1164 1899 „significare”
1199 1825 1248 1882 vel
1278 1823 1341 1882 tale
1371 1824 1465 1898 quid,
1501 1824 1556 1882 sed
1584 1824 1652 1883 loeo

370 1930 496 2004 gemino
517 1931 550 1988 II
574 1930 630 1989 105
651 1930 734 1989 idem
754 1931 890 2005 legimus
912 1948 1012 2005 quare
1033 1930 1143 2005 nequit
1164 1930 1320 2004 dubitari,
1346 1946 1423 1987 num
1443 1947 1652 2005 praenoscere

370 2036 554 2111 genuinum
567 2038 617 2095 sit.

109 2228 114 2237 '
210 2228 265 2302 38,
293 2229 347 2288 85:
370 2238 393 2280 o
413 2220 533 2281 deutra
553 2239 674 2282 comeus
694 2257 733 2264 —
755 2223 827 2281 vide
848 2239 947 2297 supra
969 2223 1009 2281 ad
1033 2223 1065 2298 7,
1092 2223 1138 2282 12.

210 2414 265 2487 38,
293 2415 347 2475 85:
369 2406 469 2467 stelio
489 2406 582 2468 Iouis
603 2409 634 2468 et
661 2405 797 2468 Veneris
817 2406 1003 2468 coniuncto
1024 2426 1101 2468 111111
1124 2407 1210 2468 iuna
1235 2443 1274 2449 —
1299 2410 1318 2467 i.
1334 2426 1360 2467 e.
1379 2426 1396 2467 e
1412 2410 1541 2485 regione
1556 2411 1651 2469 lunae

370 2515 488 2589 posita,
523 2516 590 2573 sive
620 2515 663 2573 ita
695 2518 730 2574 ut
761 2516 871 2574 eadem
898 2516 980 2575 linea
1010 2519 1094 2575 reeta
1123 2517 1244 2590 positae
1273 2516 1338 2574 sint
1367 2516 1455 2575 stella
1478 2516 1564 2575 Iovis
1588 2515 1652 2593 (vel

371 2620 513 2698 Veneris)
545 2624 576 2681 ei
606 2622 683 2680 luna
714 2624 744 2680 et
774 2624 877 2697 terra,
909 2623 947 2681 ci.
979 2623 1204 2682 Manethonem
1232 2623 1264 2681 iu
1293 2622 1413 2698 Apotel.
1438 2624 1491 2681 lib.
1517 2624 1649 2683 11446:

369 2727 407 2805 ἢν
427 2726 504 2805 μετὰ
527 2725 604 2806 Zeira
625 2726 764 2807 συνάπτῃ
789 2728 869 2806 (scil.
893 2728 984 2804 luna)
1008 2730 1027 2807 ἢ
1051 2727 1230 2807 ἁβροκόμῳ
1253 2726 1429 2807 Κυθερείῃ,
1452 2764 1489 2771 -
1515 2726 1650 2808 ’douln

369 2833 421 2894 καὶ
444 2834 577 2913 ὁώτειρα
598 2834 669 2913 βίου
690 2833 839 2896 nieutona
861 2858 892 2896 τε
911 2834 1041 2897 πολλοῦ.

208 3029 264 3103 40,
292 3029 346 3088 88:
368 3020 539 3082 suscitant
558 3021 748 3083 sententias
768 3004 787 3082 i'.
808 3041 840 3098 q.
863 3024 1030 3099 proferunt
1052 3023 1236 3082 sententiae.
1261 3024 1302 3083 ci.
1329 3024 1471 3098 Propert.
1497 3024 1530 3081 II
1552 3024 1587 3098 4,
1612 3024 1648 3082 1;

369 3130 401 3189 et
422 3127 589 3207 crepitum
612 3129 719 3191 dubio
740 3129 886 3192 suscitat
906 3128 963 3191 ira
980 3129 1077 3208 pede.

208 3325 263 3396 11,
292 3324 345 3384 90:
368 3318 481 3395 rnapi,
507 3316 569 3396 qui
590 3320 847 3396 concrepantur
867 3317 906 3378 in
926 3319 1021 3380 fano.
1043 3354 1082 3362 -
1101 3320 1209 3381 Cicero
1230 3321 1263 3378 in
1285 3338 1394 3378 errore
1414 3337 1486 3378 esse
1504 3320 1646 3395 videtur,

369 3443 441 3485 nam
479 3426 661 3485 Herodotus
699 3427 814 3486 Persas
845 3427 929 3486 fanis
962 3445 1025 3486 non
1059 3429 1104 3487 uti
1137 3431 1243 3486 monet
1275 3428 1338 3486 Io.
1365 3427 1420 3486 131
1457 3423 1584 3504 Πέρσας
1616 3424 1649 3486 δὲ

369 3529 439 3593 oida
547 3530 644 3611 νηοὺς
665 3531 718 3593 καὶ
738 3531 873 3611 βωμοὺς
894 3533 955 3595 οὐκ
977 3533 1010 3594 ἓν
1032 3532 1124 3613 νόμῳ
1145 3533 1353 3610 ποιευμένους
1374 3531 1548 3612 ἱδρύεσθαι.

208 3726 263 3799 ll,
291 3725 345 3784 90:
367 3717 479 3780 Nonis
499 3753 538 3762 —
561 3719 704 3796 Singulis
726 3720 891 3780 mensibus
913 3738 1054 3797 augures
1076 3721 1246 3779 convenire
1267 3720 1411 3779 solebant
1433 3721 1473 3779 ad
1491 3738 1648 3779 commen-

367 3827 465 3885 tarios
494 3828 767 3902 recognoscendos
795 3831 891 3902 atque
912 3827 952 3886 ad
973 3827 1224 3886 deliberandum.
1250 3827 1288 3885 oi.
1314 3827 1648 3902 Marquardt-Momm·

368 3951 424 3992 sen
446 3934 488 3992 VI
511 3935 600 3993 Rom.
627 3933 935 4009 Staatsverwaltung
955 3934 990 4009 3,
1015 3934 1074 3992 das
1098 3933 1380 3993 Sacralwesen
1401 3952 1432 4009 p.
1457 3934 1525 3993 382.

207 4126 268 4200 11,
297 4127 351 4186 aa:
373 4119 461 4183 rictu
484 4137 539 4181 sec
560 4118 710 4198 11191111
731 4121 821 4181 eom.
838 4119 1101 4181 aevu-rans
1115 4119 1312 4198 1111191111
1328 4122 1493 4197 navarus,
1517 4119 1654 4181 ferrer

368 4244 404 4287 er
434 4225 585 4304 sicopolis
615 4227 784 4287 christine.
819 4227 912 4296 Quod
944 4228 1067 4288 codices
1099 4229 1264 4303 exhibent,
1300 4246 1365 4286 non
1397 4228 1543 4287 convenit
1575 4246 1647 4287 cum

367 4335 491 4393 Valerio
512 4335 650 4393 Maximo
665 4335 680 4392 Ι
705 4336 737 4409 1,
765 4337 779 4393 1
803 4333 916 4395 decem
925 4333 1131 4411 principum
1145 4333 1216 4394 filii
1231 4352 1257 4394 ε.
1273 4353 1297 4395 c.
1317 4333 1468 4412 sinputis
1483 4332 1649 4394 Etruriae

361 4439 507 4517 populis
536 4439 783 4519 percipiendae
816 4458 996 4501 sacrorum
1028 4439 1235 4518 disciptinae
1264 4439 1384 4519 pratia
1416 4440 1644 4502 traderentur.

368 4547 431 4607 Sed
459 4549 486 4606 si
514 4548 600 4623 apud
628 4548 810 4607 Ciceronem
833 4548 1100 4622 praepositionem
1123 4565 1159 4607 ec
1180 4549 1345 4623 addimus,
1378 4549 1557 4607 necessario
1578 4546 1646 4608 sin·

309 4669 314 4679 ·
364 4653 459 4732 pulis
479 4652 645 4714 Etruriae
659 4652 806 4731 populis
828 4655 987 4714 ablativus
1009 4656 1046 4713 iit
1068 4657 1164 4730 atque
1186 4654 1407 4715 truderentur
1425 4659 1510 4714 caret
1527 4656 1643 4714 dativo,

366 4763 532 4821 Praeterea
550 4762 647 4821 verba
666 4762 731 4820 Val.
752 4763 880 4821 Maximi
899 4764 1044 4821 consulto
1062 4763 1233 4838 descripsi,
1256 4766 1291 4820 ut
1307 4763 1479 4837 unicuique
1493 4764 1643 4838 liqueret,

365 4871 562 4944 quantopere
593 4869 670 4928 haec
702 4869 863 4928 Ciceronis
896 4870 1001 4928 verbis
1033 4870 1147 4928 similia
1179 4873 1301 4943 essent,
1337 4873 1373 4928 ut
1401 4887 1466 4928 uno
1494 4887 1533 4928 ex
1561 4871 1647 4929 fonte

366 4993 514 5035 manasse
536 4976 729 5034 viderentur.
762 4977 941 5050 Utcumque
961 4976 1051 5035 lectio
1073 4977 1189 5035 tradita
1212 4993 1246 5035 se
1267 4977 1377 5051 habet,
1407 4994 1471 5034 non
1493 4977 1646 5036 mutanda

365 5086 429 5158 est,
454 5082 529 5156 quia
552 5081 772 5143 traderentur
789 5083 875 5157 apud
894 5086 1068 5158 utrumque
1082 5101 1154 5142 eum
1170 5083 1277 5142 dativo
1292 5085 1435 5142 iunctum
1451 5086 1516 5142 est:
1540 5084 1646 5158 potius

367 5189 549 5249 Ciceronem
571 5207 697 5248 errasse
718 5189 896 5264 putandum
918 5192 976 5247 est.
