4125 6300
1062 771 1100 841 66

439 963 608 1045 podatio
640 962 722 1045 „der
752 964 987 1044 dreischrittige
1018 968 1105 1027 Tanz
1137 967 1193 1027 der
1225 961 1480 1045 Arvalbrirder‘’,
1511 964 1720 1046 tripodum

440 1078 522 1153 „der
543 1077 628 1136 Trab
649 1077 705 1136 des
727 1075 895 1153 Pferdes”,
919 1076 1100 1152 tripode,
1126 1081 1197 1136 -are
1218 1078 1286 1152 „im
1307 1077 1411 1136 Trabe
1425 1075 1549 1153 gehn'’)
1565 1079 1720 1155 originem

438 1186 555 1244 ducere
575 1202 593 1243 a
616 1202 692 1243 voce
712 1202 782 1260 pes
806 1183 859 1261 (cf.
880 1182 1116 1261 repudiare)
1136 1187 1241 1260 putat,
1262 1182 1474 1244 solistimum
1488 1188 1594 1243 autem
1610 1203 1719 1262 super·

411 1355 414 1363 ,
438 1292 570 1351 lativum
585 1308 656 1350 esse
670 1292 815 1350 adiectivi
833 1292 939 1350 solus
952 1290 1007 1368 (=
1016 1289 1117 1367 totus)
1134 1294 1250 1350 censet.
1275 1291 1388 1366 Itaque
1402 1292 1530 1367 proprie
1543 1293 1719 1368 tripudium

328 1436 330 1439 <
439 1401 588 1458 saltatum
618 1399 802 1457 sollemnem
833 1397 991 1458 Saliorum
1021 1399 1169 1474 designat
1200 1397 1281 1473 (Liv.
1306 1398 1322 1456 Ι
1344 1398 1398 1472 20,
1423 1400 1456 1471 4;
1487 1399 1556 1459 cIL
1576 1400 1619 1458 VI
1641 1400 1719 1460 2104

438 1524 456 1565 a
478 1503 548 1582 31),
573 1506 687 1564 deinde
707 1506 902 1564 transfertur
924 1506 964 1563 ad
986 1508 1107 1563 motum
1131 1522 1306 1581 granorum
1328 1505 1378 1564 vel
1394 1523 1527 1581 nucum,
1553 1507 1719 1566 interram

438 1612 619 1672 cadentium
640 1615 671 1671 et
692 1612 766 1671 inde
786 1612 1009 1671 exsilientium.

279 1791 335 1867 36,
364 1791 417 1850 77:
439 1806 499 1850 nee
526 1807 645 1850 amaea
674 1790 855 1850 transeunt
886 1823 921 1829 —
950 1790 991 1849 cf.
1015 1789 1055 1848 de
1083 1792 1147 1849 nat.
1179 1790 1266 1848 deor.
1291 1789 1382 1865 113,
1407 1788 1440 1849 9;
1470 1788 1570 1850 natta
1585 1807 1718 1867 perem-

438 1895 501 1957 nia
521 1898 711 1957 εοννακίιιν.

277 2076 333 2152 36,
362 2077 415 2134 77:
438 2086 474 2129 ea
496 2067 716 2130 ameminibas
737 2104 775 2111 —
797 2072 836 2130 cf.
855 2072 945 2130 Dion.
964 2072 1037 2129 Hal.
1057 2071 1085 2129 V
1107 2068 1161 2147 (E)
1184 2070 1237 2129 46:
1267 2067 1302 2129 tu
1324 2068 1444 2131 τούτων
1466 2067 1504 2148 δὴ
1527 2072 1590 2129 τῶν
1611 2068 1719 2130 ὑσσῶν

439 2175 492 2253 (=
507 2175 659 2253 pilorum)
681 2175 752 2253 περὶ
773 2181 835 2244 τοῖς
856 2176 967 2254 ἄκροις
987 2180 1051 2236 τῶν
1074 2174 1247 2253 ὀβελίσκων
1269 2173 1384 2253 φλόγες
1405 2174 1579 2255 ἀνήπτοντο
1600 2174 1654 2236 καί
1676 2174 1715 2236 δι’

437 2281 513 2343 ὅλου
534 2287 589 2343 τοῦ
611 2281 823 2360 στρατοπέδου
846 2282 880 2343 τὸ
901 2283 992 2351 σέλας
1013 2280 1068 2362 ἦν,
1091 2281 1199 2359 ὥσπερ
1221 2279 1285 2342 ἀπὸ
1307 2280 1499 2360 λαμπάδων,
1520 2281 1574 2342 καὶ
1588 2282 1718 2363 κάτεσχε

436 2394 490 2469 τῆς
519 2388 633 2457 νυκτὸς
663 2388 713 2450 ἐπὶ
742 2388 833 2450 πολύ.
862 2390 897 2451 ἑκ
925 2390 1037 2451 τούτου
1065 2388 1239 2467 κατέλαβον
1267 2393 1322 2450 τοῦ
1344 2388 1526 2469 φάσματος,
1558 2388 1667 2466 ὥσπερ
1689 2389 1719 2449 σῖ

436 2494 660 2573 τερατοσκόποι
687 2496 879 2577 ἀπέφαινον,
907 2498 961 2557 καὶ
985 2500 1080 2557 πᾶσιν
1108 2495 1295 2573 ἀνθρώποις
1322 2494 1493 2573 συμβαλεῖν
1521 2494 1559 2556 οὗ
1581 2492 1718 2575 χαλεπὸν

435 2601 489 2681 ἦν,
512 2603 557 2664 ὅτι
578 2603 668 2683 νίκην
689 2603 794 2672 αὐτοῖς
814 2609 939 2684 ταχεῖαν
960 2603 1013 2664 καὶ
1035 2601 1184 2681 λαμπράν
1205 2602 1348 2682 σημαίνει
1362 2600 1397 2664 τὸ
1413 2601 1585 2682 δαιμόνιον.
1607 2605 1717 2682 Lydus

435 2712 474 2770 de
495 2712 563 2771 Ost.
581 2730 607 2772 c.
623 2714 656 2772 5:
679 2709 801 2789 ὁμοίως
822 2711 902 2771 ἔστιν
922 2710 1049 2788 ἑτέρους
1070 2709 1201 2787 ἀστέρας
1222 2709 1322 2787 εὑρεῖν
1342 2709 1417 2770 ποτὲ
1438 2708 1496 2788 μὲν
1518 2710 1551 2771 ἒν
1569 2715 1622 2789 γῇ,
1643 2708 1717 2771 ποτὲ

436 2814 470 2877 δὲ
491 2816 524 2877 ἓν
545 2815 682 2896 θαλάττῃ
705 2815 759 2885 τὰς
780 2815 860 2884 ίάίσς
880 2816 1036 2895 ἐνεργείας
1057 2814 1244 2882 δεικνύντας.
1268 2813 1341 2875 Ἐπί
1359 2838 1390 2875 τε
1409 2814 1469 2894 γὰρ
1486 2820 1717 2893 στρατιωτικῶν

435 2921 591 2983 ἀκοντίων
617 2922 767 2991 πολλάκις
797 2923 960 3003 ὤφθησαν
988 2921 1186 3001 ε’φιζάνοντες
1214 2919 1264 2981 ἐπὶ
1290 2943 1320 2982 τε
1341 2925 1404 2982 τῶν
1426 2922 1530 2984 ἱστίων
1551 2927 1615 2983 τῶν
1635 2927 1717 2985 νεῶν

435 3027 515 3089 κ.τ.λ.
531 3032 610 3089 Tota
625 3048 676 3090 res
691 3032 731 3091 ad
747 3049 784 3091 ea
800 3049 883 3106 quae
897 3031 990 3091 hodie
1003 3030 1148 3090 electrina
1163 3029 1382 3104 phaenomena
1398 3033 1553 3090 vocantur
1568 3032 1712 3107 pertinet.

275 3201 331 3276 36,
360 3202 413 3261 77:
435 3200 560 3279 ι’νιροίε)
591 3200 788 3279 auspicium
823 3236 862 3246 —
897 3201 995 3280 tapes
1016 3203 1060 3277 Β,
1091 3199 1172 3279 iuge
1191 3201 1233 3275 A,
1265 3197 1361 3278 types
1381 3201 1423 3277 V,
1454 3199 1536 3279 ιἰιρο
1563 3203 1611 3261 ed.
1637 3204 1712 3262 Tur.

437 3308 521 3368 Sunt
549 3309 604 3383 qui
632 3307 713 3387 ι’νιρα
732 3311 856 3387 legant,
888 3312 964 3368 sunt
985 3310 1041 3384 qui
1062 3307 1168 3386 tapes
1194 3309 1309 3367 Festus
1330 3325 1362 3383 p.
1387 3307 1460 3367 104:
1483 3309 1589 3386 „luge
1610 3310 1715 3386 auspi-

434 3417 518 3474 cium
546 3418 594 3474 est
622 3433 694 3475 curn
722 3417 866 3475 iunctum
895 3417 1073 3475 iumentum
1096 3421 1219 3473 stercus
1241 3412 1353 3473 facit.’'
1386 3413 1477 3474 Serv.
1501 3417 1541 3474 ad
1563 3416 1639 3474 Aen.
1664 3416 1730 3499 III·
1770 3405 1774 3422 “

434 3522 508 3582 537:
531 3523 632 3599 „iuge
652 3522 832 3598 auguribus
853 3522 968 3582 dicitur
990 3522 1163 3598 augurium
1185 3522 1271 3595 quod
1293 3539 1332 3580 ex
1349 3523 1465 3581 iunctis
1480 3523 1631 3581 iumentis
1645 3523 1711 3582 fiat.

434 3629 616 3688 Observant
643 3631 727 3688 enim
750 3606 790 3688 ne
810 3630 976 3704 proditura
998 3629 1200 3704 magistratui
1221 3629 1389 3688 disiunctis
1411 3629 1514 3688 bobus
1533 3630 1714 3705 plaustrum

434 3736 560 3795 obviam
593 3735 737 3795 veniat.’'
771 3737 923 3795 Dacerius
955 3737 987 3794 in
1021 3734 1112 3795 Servi
1141 3737 1209 3794 loco
1238 3736 1369 3794 coniecit
1391 3734 1487 3811 „atsi
1507 3734 1711 3812 disiunctis'',

434 3860 474 3900 ne
497 3842 589 3902 Servi
611 3843 708 3901 verba
730 3860 803 3902 cum
825 3842 986 3901 Ciceronis
1007 3843 1116 3900 minus
1138 3842 1354 3901 convenirent.
1378 3842 1489 3900 Walde
1511 3860 1536 3901 s.
1552 3861 1582 3901 v.
1608 3846 1714 3902 censet

432 3950 549 4025 iugiS,
568 3983 602 3989 -
617 3966 634 4007 e
649 3950 987 4025 ‚‚zusammengefiigt,
1006 3951 1366 4024 zusammengespannt;
1389 3950 1710 4026 zusammenfiigend,

434 4054 656 4115 verbindend'’
696 4056 794 4114 verbo
830 4056 984 4132 iungendi
1019 4059 1191 4132 cognatum
1230 4073 1309 4115 esse.
1351 4055 1413 4124 Qui
1451 4055 1549 4133 tapes
1583 4056 1710 4132 legunt,

433 4165 548 4239 putant
570 4163 721 4222 nimirum
743 4163 821 4221 illud
843 4180 914 4222 esse
935 4163 1167 4222 nominativum
1192 4162 1323 4240 (iuges
1345 4166 1381 4222 ut
1402 4161 1537 4239 teres).

273 4335 327 4409 37,
357 4334 410 4394 79:
435 4332 657 4395 Trocmorum
686 4331 908 4394 tetrarchiam
936 4367 974 4377 -
1005 4333 1114 4408 Steph.
1148 4335 1224 4409 Byz.
1252 4329 1392 4410 Τράκμοι
1413 4331 1508 4400 ἔθνος
1528 4329 1562 4391 F
1558 4331 1712 4394 αλατικόν.

433 4438 604 4501 ἐκαλοῦντο
626 4437 735 4500 δὲκαὶ
760 4437 949 4519 Τροκμηνοί.
979 4442 1024 4499 De
1045 4441 1231 4516 tetrarchia,
1256 4444 1371 4515 quarta
1392 4444 1483 4517 parte
1497 4441 1709 4517 principatuS,

433 4549 496 4606 vid.
528 4548 591 4608 Cic.
624 4548 722 4606 Deiot.
755 4548 807 4607 15:
837 4548 964 4623 „Negat
992 4565 1146 4622 umquam
1177 4565 1211 4606 se
1238 4552 1308 4607 ate
1328 4549 1361 4607 in
1383 4549 1521 4607 Deiotari
1542 4549 1712 4607 tetrarchia

431 4656 543 4731 pedem
571 4653 794 4714 discessisse.''
824 4655 908 4713 Hirt.
932 4654 963 4713 b.
987 4654 1034 4713 Al.
1061 4653 1114 4713 78:
1145 4655 1345 4730 „Mithridati
1374 4656 1571 4731 Pergameno
1600 4657 1711 4714 tetrar-

432 4763 534 4821 chiam
567 4761 846 4836 Gallograecorum
878 4760 948 4819 iure
978 4761 1082 4837 gentis
1115 4764 1145 4819 et
1176 4762 1364 4836 cognatione
1396 4761 1590 4821 adiudicavit
1621 4779 1711 4821 occu·

431 4871 538 4945 patam
559 4871 589 4928 et
610 4886 793 4944 possessam
815 4869 926 4944 paucis
947 4868 1136 4949 anteannis
1158 4886 1176 4927 a
1199 4867 1383 4928 Deiotaro.”
1617 4860 1620 4865 ’

271 5048 326 5125 39,
353 5047 408 5107 82:
433 5041 506 5099 tam
536 5037 651 5100 tonuit
680 5037 820 5097 laeuum·
843 5035 924 5097 heae
953 5037 1153 5114 tempestate
1173 5053 1294 5096 serena
1313 5070 1353 5079 -
1381 5038 1522 5096 Ennium
1546 5036 1599 5114 (fr.
1624 5037 1710 5096 LVII

431 5148 521 5207 Vahl.
553 5165 592 5206 ex
620 5146 791 5205 Annalium
820 5144 901 5203 libro
929 5143 1063 5222 incerto)
1093 5144 1235 5205 imitatus
1258 5147 1305 5204 est
1326 5144 1444 5220 Vergil.
1469 5146 1545 5204 Aen.
1570 5145 1615 5204 IX
1636 5145 1709 5207 630:

431 5256 496 5334 „de
517 5256 607 5331 parte
628 5271 740 5315 serena
761 5252 900 5315 intonuit
921 5250 1086 5314 laevum.''

1957 2110 1961 2141 l
