4125 6300
1084 737 1102 823 l

455 945 527 1023 125,
554 944 627 1025 130,
652 945 685 1007 ΙΙ
709 946 729 1024 ᾗ·
748 945 786 1009 35
807 947 955 1009 hausisse
975 950 1146 1011 contendit.
1171 950 1241 1010 Etsi
1255 950 1288 1011 in
1303 950 1362 1012 hac
1376 948 1525 1028 opinione
1539 948 1618 1013 illud
1632 950 1734 1031 placet

453 1055 539 1129 qued
566 1056 626 1114 leci
653 1056 849 1131 afferuntur,
880 1061 986 1117 tamen
1012 1076 1050 1117 ea
1076 1076 1142 1122 oon
1163 1060 1275 1118 nititur
1296 1061 1374 1119 satis
1396 1060 1490 1119 firmo
1511 1062 1730 1121 fundamento.

452 1162 522 1219 Non
544 1163 627 1221 enim
650 1167 790 1238 constat,
815 1164 842 1221 si
860 1181 974 1222 nomen
990 1165 1170 1239 philosophi
1184 1166 1352 1225 cuiusdam
1367 1184 1385 1225 a
1402 1166 1552 1227 Cicerone
1566 1169 1730 1244 laudatur,

452 1270 546 1328 etiam
576 1270 695 1353 librum
726 1271 863 1345 aliquem
895 1271 1038 1330 eiusdem
1070 1289 1143 1330 eum
1174 1273 1368 1348 inspexisse,
1403 1278 1439 1332 ut
1471 1275 1733 1333 Wachsmuthius

452 1377 633 1435 existimare
654 1377 789 1436 videtur.
815 1378 1030 1436 Transeamus
1051 1379 1149 1455 igitur
1171 1380 1212 1438 ad
1233 1380 1326 1439 aliam
1348 1380 1572 1440 coniecturam.

361 1480 440 1559 §a
492 1482 1732 1562 mmmmijmffldcffifflwmmmfflffifflfflmwma

453 1589 635 1649 Ciceronem
656 1590 719 1649 iam
741 1591 827 1665 apud
849 1590 990 1650 Caelium
1011 1590 1127 1667 legisse
1143 1595 1243 1667 putat.
1269 1593 1328 1652 Cui
1343 1594 1483 1668 opinioni
1498 1594 1621 1669 obstat,
1646 1595 1732 1669 quod

453 1696 562 1755 Cicero
578 1697 617 1755 de
632 1697 695 1755 div.
711 1698 727 1755 Ι
743 1695 763 1774 ξ
779 1697 817 1755 43
832 1697 973 1756 fabulam
988 1698 1112 1757 Aeneae
1126 1699 1240 1757 somnii
1256 1716 1294 1757 ex
1309 1700 1399 1758 Fabii
1414 1700 1547 1759 Pictoris
1563 1700 1732 1760 Graecis

451 1804 623 1863 annalibus
659 1805 836 1880 sumpsisse
872 1822 906 1864 se
941 1805 1125 1880 confitetur,
1163 1822 1263 1879 quare
1295 1806 1467 1865 admodum
1499 1806 1633 1864 dubium
1665 1810 1728 1880 est,

451 1929 529 1969 num
568 1912 657 1970 Fabii
693 1910 846 1987 nomen2)
884 1930 902 1970 e
939 1911 1043 1972 Caelio
1078 1912 1217 1971 fluxerit.
1262 1911 1355 1980 Quod
1390 1916 1496 1972 autem
1535 1914 1583 1971 vir
1619 1914 1732 1971 doetus

450 2017 561 2094 1111113)
584 2022 710 2093 praeter
732 2017 873 2078 Caelium
895 2018 1079 2078 Ciceronem
1100 2018 1225 2076 nullum
1247 2035 1355 2077 rerum
1378 2020 1563 2094 scriptorem
1583 2020 1731 2077 Latinum

451 2126 638 2201 contulisse,
673 2125 729 2184 sed
756 2142 793 2184 ea
820 2125 963 2200 exempla
991 2142 1030 2183 ex
1058 2125 1188 2183 historia
1219 2126 1399 2183 memoriter
1429 2126 1614 2201 protulisse,
1650 2142 1732 2199 quae

450 2248 561 2290 omnes
589 2232 724 2291 Romani
751 2231 936 2290 liberalibus
964 2231 1088 2290 artibus
1116 2231 1231 2290 eruditi
1259 2235 1314 2291 aut
1342 2249 1483 2308 augures
1512 2233 1628 2291 scirent
1652 2230 1731 2308 (non

450 2338 534 2396 enim
563 2355 693 2398 revera
715 2339 901 2413 scriptorem
922 2338 1059 2412 aliquem
1082 2338 1260 2397 adhibitum
1280 2355 1351 2397 esse
1372 2355 1527 2413 apparere
1546 2355 1563 2396 e
1585 2338 1691 2396 verbis
1714 2338 1729 2395 Ι

452 2442 531 2521 §31
565 2442 645 2521 quis
674 2446 824 2504 veterum
850 2442 1061 2521 scriptorum
1089 2461 1161 2503 noc
1190 2442 1360 2521 loquitur,
1395 2445 1470 2504 ibid.
1495 2446 1535 2504 ut
1562 2442 1731 2520 scriptum

449 2549 621 2627 videmus,
648 2549 721 2628 §33
743 2568 905 2629 nepemus
927 2550 1063 2625 omniu,
1088 2550 1332 2611 comburamus
1353 2550 1512 2627 annates,
1539 2549 1611 2628 §51
1637 2550 1732 2628 quod

450 2660 558 2718 ecstat
571 2657 610 2717 ic
625 2656 827 2733 annalibus,
848 2656 867 2735 ἓ
881 2657 938 2718 100
955 2657 1050 2735 quod
1065 2656 1103 2717 ic
1118 2656 1307 2718 annalibus
1320 2656 1504 2730 bohemum·
1520 2657 1539 2733 ᾗ
1554 2657 1608 2717 101
1627 2658 1733 2734 utque

450 2763 556 2825 etiam
583 2764 752 2842 scriptum
780 2782 803 2824 a
824 2762 945 2825 multia
966 2764 1044 2840 est),
1075 2765 1107 2823 id
1129 2766 1244 2840 partim
1267 2783 1379 2824 verum
1401 2782 1472 2824 esse
1493 2766 1646 2839 concedo,
1675 2765 1730 2822 sed

449 2874 618 2932 Meltzerus
646 2890 711 2931 non
738 2872 962 2931 animadvertit
989 2873 1029 2930 de
1056 2873 1120 2930 div.
1146 2873 1161 2930 1
1194 2870 1213 2949 ᾖ
1238 2873 1274 2931 72
1302 2873 1342 2932 ut
1370 2869 1408 2931 irc
1436 2870 1555 2932 Sullae
1581 2868 1731 2931 historia

448 2977 605 3039 videmus
626 2978 722 3056 quod
744 2980 775 3038 te
793 2978 826 3056 (i.
843 2996 870 3037 e.
888 2977 1007 3038 Marco
1028 2977 1154 3054 7111110)
1173 2976 1386 3056 inspectante
1402 2978 1533 3038 factum
1551 2979 1600 3038 est
1614 2995 1730 3036 nomen

452 3086 559 3145 Sullae
579 3086 689 3145 afferri
709 3086 743 3143 in
764 3103 798 3144 re
819 3103 916 3160 quam
937 3086 1006 3161 ipse
1027 3087 1155 3144 Marcus
1178 3086 1272 3162 vidit,
1297 3103 1355 3145 nec
1373 3087 1526 3144 rationem
1546 3086 1647 3160 dedit,
1673 3102 1730 3143 cur

450 3195 465 3252 Ι
495 3192 575 3271 §99
606 3193 761 3254 Sisennae
788 3211 904 3252 nemen
933 3192 1125 3253 aCicerone
1145 3195 1303 3253 laudetur.
1335 3194 1449 3268 Itaque
1469 3194 1530 3252 alia
1553 3193 1603 3252 via
1625 3193 1729 3268 ingre-

449 3301 564 3360 dienda
585 3304 633 3360 est
654 3301 694 3360 ad
716 3301 819 3359 fontes
840 3317 913 3359 cum
935 3301 1097 3359 Romanos
1118 3304 1187 3360 tum
1208 3301 1347 3361 Graecos
1367 3300 1618 3376 investigandos.

365 3405 439 3484 §4
493 3405 750 3483 Schichiust)
783 3407 989 3465 Posidonium
1017 3407 1051 3465 in
1079 3407 1160 3466 libro
1187 3408 1290 3482 primo
1317 3408 1436 3466 iontem
1464 3423 1535 3465 esse
1562 3407 1726 3481 opinatur,

449 3532 508 3574 nec
527 3532 592 3573 non
614 3514 860 3588 Clitomachum,
893 3513 1097 3588 Cratippum,
1129 3514 1333 3588 Panaetium,
1363 3514 1406 3572 ita
1428 3513 1557 3587 quidem
1578 3515 1614 3571 ut
1637 3512 1729 3572 Clito·

450 3623 582 3681 machus
610 3622 643 3680 in
671 3619 715 3698 ἐξ
738 3620 814 3695 560,
846 3619 940 3695 575),
973 3621 1027 3696 72,
1060 3621 1113 3695 74,
1145 3622 1197 3695 75,
1231 3619 1324 3696 766),
1357 3618 1471 3696 7807),
1504 3619 1675 3694 Cratippus
1696 3620 1729 3677 in

451 3726 495 3806 ἐς
519 3727 572 3803 70,
605 3729 640 3787 71
652 3726 697 3803 ⁸),
729 3725 841 3802 1139),
873 3727 1045 3786 Panaetius
1066 3727 1098 3785 11
1124 3725 1167 3803 §§
1190 3726 1245 3802 82,
1273 3724 1362 3801 831⁰)
1385 3744 1403 3785 a
1426 3726 1576 3786 Cicerone
1597 3725 1729 3784 adhibiti

449 3836 529 3910 siut,
571 3839 673 3893 cetera
710 3851 786 3892 vero
824 3834 1088 3908 philosophorum
1124 3834 1238 3908 placita
1275 3833 1446 3891 Posidonio
1456 3831 1495 3908 11)
1533 3832 1725 3906 debeantur,

448 3943 612 4015 multaque
641 3942 785 4016 exempla
813 3958 852 3999 ex
880 3942 989 3999 eodem
1017 3940 1207 4014 philosopho
1238 3939 1343 3999 Stoice
1371 3940 1553 3999 Ciceronem
1582 3938 1729 3996 hausisse

448 4053 570 4124 censet,
602 4048 658 4106 sed
685 4048 828 4122 exempla
858 4049 1001 4106 Romana
1030 4047 1207 4121 aspersisse
1234 4064 1272 4104 ex
1300 4047 1437 4121 epitoma
1466 4045 1728 4105 Caelianoruma

483 4342 504 4407 1)
541 4342 664 4393 Fleckeis.
682 4341 773 4393 Jarhb.
794 4339 850 4403 CV,
870 4358 894 4406 p.
915 4339 1055 4392 420-432
1076 4341 1114 4397 (1ο
1136 4337 1221 4404 1872).

481 4429 505 4496 2)
541 4431 595 4482 Ic.
613 4430 656 4482 26.

482 4519 504 4582 3)
541 4538 565 4586 p.
585 4521 645 4572 431.

481 4610 504 4673 4)
541 4609 583 4660 De
600 4609 712 4660 fontibus
730 4609 855 4659 librorum
874 4607 1003 4659 Ciceronis
1022 4608 1067 4673 qui
1086 4616 1145 4658 sunt
1164 4607 1196 4657 ‹le
1215 4607 1373 4657 divinatione
1392 4606 1430 4666 (a⁰
1452 4607 1539 4670 1875).

481 4699 504 4766 5)
541 4717 566 4766 p.
588 4700 634 4764 10,
653 4697 770 4762 21,36,
790 4698 833 4750 42.

480 4789 503 4853 6)
539 4808 565 4858 p.
584 4787 632 4853 21,
652 4789 694 4843 36.

480 4879 504 4945 7)
541 4898 566 4948 p.
586 4880 628 4934 36.

480 4969 504 5033 8)
542 4988 566 5039 p.
585 4969 634 5036 ⁶20,
654 4968 696 5022 24.

480 5060 502 5130 ⁹)
539 5080 564 5130 p.
583 5060 626 5114 24.

466 5150 499 5222 ¹⁰)
535 5170 560 5220 p.
579 5150 626 5218 22,
646 5148 689 5206 23.

467 5240 500 5312 ¹¹)
537 5242 640 5319 passim.
