4125 6300
1041 762 1079 827 22

418 966 481 1007 non
512 949 621 1008 eodem
653 949 747 1008 modo
778 949 964 1009 narravisse
994 951 1092 1023 atque
1123 949 1323 1025 Ciceronem,
1358 967 1434 1008 nam
1462 949 1489 1008 si
1517 950 1560 1008 ita
1588 967 1640 1009 res
1668 966 1703 1008 se

417 1056 564 1131 haberet,
595 1057 707 1131 procul
734 1056 833 1115 dubio
861 1057 971 1132 Lydus
999 1056 1078 1115 illud
1100 1056 1364 1133 significavisset,
1393 1057 1480 1116 unde
1501 1057 1646 1131 seqnitur
1667 1059 1703 1115 ut

417 1162 564 1237 Nigidius
586 1179 650 1221 non
673 1163 834 1222 Ciceronis
856 1163 896 1222 de
916 1163 980 1221 div.
1006 1162 1039 1221 ΙΙ
1065 1160 1108 1240 §§
1132 1163 1188 1239 50,
1214 1163 1249 1222 51
1273 1163 1346 1222 fons
1368 1163 1474 1222 fuerit.
1499 1164 1609 1237 Neque
1626 1164 1702 1221 Var-

418 1287 528 1327 ronem
551 1271 696 1328 secutum
717 1286 788 1328 esse
810 1250 993 1329 Ciceronem
1014 1269 1048 1328 in
1070 1270 1130 1329 hoc
1150 1271 1306 1346 opusculo
1324 1270 1394 1329 iure
1411 1270 1579 1330 Schichius
1595 1272 1700 1345 putat,

418 1376 504 1451 quod
520 1376 622 1435 Varro
632 1377 740 1436 decem
754 1376 892 1453 Sibyllae
903 1377 1084 1436 distinxerit
1096 1376 1132 1454 1),
1155 1378 1211 1437 sed
1224 1378 1332 1438 Cicero
1346 1376 1375 1454 (1
1389 1376 1413 1457 §¹
1423 1376 1475 1454 34)
1490 1378 1702 1453 Erythraeam

419 1483 513 1542 modo
534 1484 683 1559 appellet,
708 1487 805 1559 atque
825 1501 866 1543 ne
888 1484 1066 1544 Cumanam
1088 1484 1217 1560 quidem
1242 1484 1413 1560 Sibyllam,
1439 1484 1591 1544 Romanis
1607 1484 1703 1541 notis·

419 1591 550 1665 simam,
577 1591 701 1650 adiciat.
725 1589 839 1667 Itaque
861 1591 888 1649 si
909 1590 1056 1667 Nigidius
1078 1594 1108 1650 et
1129 1591 1231 1650 Varro
1254 1591 1398 1651 Ciceroni
1419 1591 1505 1650 illam
1527 1591 1567 1649 de
1587 1591 1704 1665 Tagete

419 1698 560 1756 fabulam
583 1716 647 1756 non
669 1698 904 1773 praebuerunt,
936 1700 1035 1757 restat
1055 1701 1092 1757 ut
1114 1698 1248 1758 Caecina
1270 1700 1382 1757 auctor
1403 1698 1471 1756 eius
1494 1698 1544 1756 sit.
1570 1697 1704 1756 Caecina

419 1806 503 1863 enim
531 1805 659 1880 scripsit
687 1806 753 1880 „de
781 1807 917 1865 Etrusca
942 1804 1134 1880 disciplina'’
1158 1807 1238 1864 teste
1259 1805 1362 1863 Plinio
1372 1803 1415 1881 2),
1447 1807 1477 1864 et
1498 1804 1554 1862 ubi
1575 1822 1614 1863 ex
1635 1804 1704 1862 eius
1734 1788 1737 1793 ¹

420 1912 501 1970 libro
516 1912 624 1971 Cicero
639 1912 855 1971 narrationem
871 1929 964 1971 suam
979 1913 1117 1987 profert,
1136 1912 1224 1972 dicit:
1241 1910 1323 1972 hoec
1338 1910 1532 1989 occepimus
1546 1910 1590 1971 ab
1604 1908 1701 1987 ipsis.

421 2016 468 2094 (ΙΙ
493 2015 512 2094 5
535 2016 599 2094 50).

461 2125 692 2185 Clitomachum
712 2125 829 2184 iniuria
850 2126 934 2184 inter
954 2125 1027 2184 libri
1050 2126 1144 2200 primi
1165 2125 1270 2184 fontes
1294 2124 1463 2185 Schichius
1485 2124 1602 2184 hahere
1620 2124 1704 2182 vide·

420 2234 473 2290 tur
483 2230 528 2308 3),
553 2232 661 2291 dicens
683 2231 698 2289 Ι
722 2228 765 2308 ἐξ
782 2230 836 2306 56,
862 2231 900 2291 57
922 2232 1046 2290 somnia
1071 2231 1245 2290 Simonidis
1266 2233 1297 2290 et
1319 2231 1397 2291 civis
1414 2231 1565 2307 Megarici
1579 2248 1596 2290 e
1612 2231 1704 2291 Clito·

421 2339 533 2397 macho
555 2355 719 2413 manasse,
745 2338 883 2414 primum
906 2338 981 2412 quia
1004 2339 1148 2397 additum
1170 2338 1226 2396 sit:
1256 2335 1321 2397 illa
1343 2336 1413 2398 duo
1434 2335 1590 2414 somnio,
1617 2353 1706 2414 quae

421 2443 632 2505 creberrume
652 2445 969 2504 commemorentur
990 2460 1013 2503 a
1035 2441 1178 2520 Stoicis,
1203 2445 1318 2503 deinde
1338 2445 1425 2519 quod
1446 2460 1483 2503 ea
1502 2444 1625 2503 somnia
1641 2462 1704 2502 non

421 2552 541 2611 inserta
569 2551 633 2609 sint
661 2551 893 2610 enumerationi
915 2552 1114 2610 somniorum
1136 2552 1331 2612 Graecorum
1342 2549 1381 2627 4).
1415 2550 1478 2611 Sed
1500 2552 1527 2609 si
1546 2531 1567 2610 'a
1591 2551 1705 2610 Stoicis

421 2659 624 2718 creberrume
650 2662 824 2718 memorata
853 2659 934 2735 sint,
968 2676 1032 2717 non
1061 2658 1223 2734 intellego,
1256 2676 1313 2718 cur
1341 2675 1405 2717 non
1434 2658 1641 2717 Posidonium
1669 2675 1705 2717 ea

422 2766 583 2824 rettulisse
603 2766 797 2825 credendum
819 2765 876 2840 sit,
907 2766 1026 2841 quippe
1047 2768 1103 2839 qui
1124 2766 1194 2841 ipse
1217 2765 1343 2825 Stoicus
1365 2765 1470 2825 fuerit.
1501 2766 1619 2824 Verum
1640 2783 1705 2823 non

422 2890 441 2931 a
472 2872 680 2948 dispositione
707 2872 828 2933 Graeca
856 2872 959 2931 aliena
987 2874 1073 2931 sunt.
1108 2873 1189 2931 Nam
1219 2872 1246 2931 si
1275 2889 1343 2948 cap.
1374 2872 1413 2931 26
1441 2873 1586 2947 omittas,
1620 2872 1707 2947 quod

425 2979 592 3039 Schichius
627 2980 697 3055 ipse
732 2997 750 3039 a
786 2980 937 3040 Cicerone
966 2996 1006 3038 ex
1038 2979 1260 3039 Caelianorum
1291 2980 1427 3054 epitoma
1458 2980 1492 3038 in
1523 2982 1706 3039 contextum

422 3087 579 3145 insertum
609 3103 679 3145 esse
706 3086 882 3162 existimat,
916 3088 946 3145 ct
974 3086 1073 3145 finem
1102 3086 1214 3163 capitis
1243 3086 1281 3146 25
1310 3103 1383 3145 cum
1411 3086 1501 3145 initio
1529 3086 1640 3163 capitis
1667 3085 1706 3143 27

422 3194 566 3253 iunctum
588 3211 659 3253 esse
678 3195 801 3271 fingas,
826 3194 1034 3269 dispositione
1055 3195 1176 3254 Graeca
1198 3195 1345 3254 restituta
1367 3195 1473 3254 omnia
1496 3197 1578 3254 recte
1599 3211 1706 3269 proce·

423 3303 518 3360 dunt:
551 3304 619 3360 tum
651 3302 811 3360 somnium
846 3300 1012 3376 Sophoclis
1044 3304 1155 3376 poetae
1186 3302 1342 3377 excipitur
1375 3302 1499 3361 somnio
1533 3301 1706 3361 Simonidis

423 3412 546 3484 poetae;
576 3410 627 3467 cui
655 3409 784 3484 quidem
812 3408 936 3467 somnio
964 3408 1051 3468 aliud
1078 3425 1150 3468 esse
1171 3408 1395 3485 subiunctum,
1427 3409 1513 3485 quod
1535 3409 1576 3468 ad
1597 3410 1706 3483 poetas

424 3531 559 3590 prorsus
587 3532 651 3573 non
679 3515 804 3590 attinet,
836 3514 954 3572 nemini
982 3515 1100 3573 mirum
1128 3515 1204 3590 erit,
1236 3515 1291 3590 qui
1320 3532 1393 3574 cum
1423 3513 1443 3592 ς
1473 3515 1511 3574 57
1539 3514 1707 3574 contulerit

426 3620 445 3698 ξ
462 3621 516 3697 50,
540 3620 627 3680 unde
647 3624 779 3696 apparet
796 3621 829 3679 in
848 3620 1010 3680 Ciceronis
1025 3622 1113 3681 fonte
1128 3622 1299 3697 separatim
1314 3624 1420 3681 actum
1435 3638 1506 3680 esse
1520 3622 1560 3680 de
1574 3620 1706 3680 somniis

424 3746 441 3787 e
462 3729 527 3787 vita
548 3728 710 3787 communi
731 3728 877 3803 sumptis.
910 3728 1099 3788 Instaurare
1119 3728 1234 3804 igitur,
1260 3729 1322 3787 nisi
1343 3728 1452 3803 fallor,
1477 3728 1589 3788 Graeci
1610 3727 1707 3786 fontis

425 3835 623 3894 somniorum
650 3835 794 3893 ordinem
817 3835 888 3894 licet
910 3835 997 3893 hunc
1017 3836 1084 3894 fere
1104 3835 1137 3893 in
1159 3836 1305 3894 modum:
1333 3835 1456 3893 somnia
1478 3835 1706 3911 imperatorum

424 3946 454 4001 et
483 3959 595 4018 regum
617 3942 843 4017 sequebantur⁴
856 3942 1121 4017 philosophorum
1142 3946 1173 4001 et
1194 3945 1361 4017 poetarum
1382 3958 1562 4018 agmenque
1583 3942 1707 4001 claude·

424 4049 502 4108 hant
529 4067 566 4109 ea
587 4066 670 4123 quae
690 4067 708 4109 e
728 4051 793 4109 vita
814 4050 976 4109 communi
998 4052 1072 4108 nota
1094 4052 1195 4109 erant.
1222 4051 1290 4109 Hoc
1312 4050 1470 4125 suspicari
1490 4049 1565 4108 inde
1586 4050 1704 4124 audeo,

425 4157 511 4232 quod
539 4158 626 4232 apud
651 4157 834 4216 Ciceronem
856 4158 907 4217 ille
927 4158 1006 4216 ordo
1027 4157 1208 4232 invenitur,
1241 4157 1268 4215 si
1290 4156 1429 4232 excipias
1451 4159 1546 4232 caput
1567 4156 1620 4231 26,
1652 4157 1708 4215 ubi

426 4264 549 4323 somnia
582 4264 691 4323 rustici
722 4265 857 4323 Romani
889 4268 918 4323 et
951 4264 1086 4324 Gracchi
1118 4281 1136 4322 e
1164 4263 1259 4323 Caelii
1287 4263 1424 4339 epitoma
1452 4265 1599 4339 prompta
1627 4264 1709 4322 male

425 4371 545 4429 inserta
567 4374 657 4445 suut,
681 4370 725 4429 ita
746 4373 782 4429 ut
806 4369 978 4446 Sophocles
1000 4388 1018 4430 a
1040 4370 1202 4430 Simonide
1217 4371 1435 4430 secerneretur
1445 4367 1484 4445 5).
1508 4370 1618 4444 Neque
1634 4367 1653 4446 ξ
1671 4369 1708 4428 72

461 4603 482 4672 ¹)
519 4603 653 4654 Schichius
671 4620 696 4668 p.
717 4605 732 4655 5
752 4602 843 4654 nititur
862 4602 945 4654 Schol.
966 4603 1067 4654 Platon.
1091 4601 1200 4653 Phaedr.
1221 4619 1245 4668 p.
1265 4602 1317 4655 315
1336 4601 1376 4652 ed.
1396 4601 1478 4652 Beklr.

460 4691 483 4758 ²)
521 4692 590 4742 Hist.
619 4699 671 4743 nat.
697 4692 724 4742 in
752 4692 841 4743 lontib.
868 4692 993 4743 Romanis
1020 4692 1037 4742 l.
1064 4691 1108 4754 11,
1137 4708 1162 4756 p.
1188 4689 1222 4742 22
1252 4690 1420 4758 (Detleisen):
1450 4689 1577 4754 „Caecina
1604 4691 1649 4757 qui
1677 4690 1709 4742 de

426 4783 536 4833 Etrusca
553 4781 713 4848 disciplina.”

461 4870 484 4935 3)
521 4870 589 4922 Vide
607 4871 802 4923 Hartielderum
822 4870 880 4935 „die
899 4870 1025 4933 Quellen''
1046 4878 1092 4921 etc.
1114 4888 1138 4936 p.
1161 4871 1200 4921 ll.

461 4960 484 5021 ⁴)
522 4960 655 5011 Schichius
674 4977 699 5026 p.
720 4960 761 5012 19.

461 5047 484 5101 5l
520 5049 551 5099 ci.
576 5049 606 5116 ἓξ
634 5049 737 5102 39-51
767 5048 953 5114 imperatorum
982 5047 1096 5110 somnia,
1130 5048 1160 5115 ἐξ
1189 5046 1294 5100 52-53
1324 5047 1536 5114 philosophorum
1566 5065 1598 5111 s,
1631 5049 1646 5115 ξ
1674 5048 1708 5100 54

428 5137 561 5204 Sophoclis
587 5145 678 5204 poetae
705 5136 846 5201 somnium,
875 5138 889 5202 ᾖ
917 5137 967 5190 545
995 5137 1135 5188 Simonidis
1163 5136 1304 5200 somnium,
1333 5138 1348 5204 ᾖ
1374 5137 1406 5188 57
1435 5136 1566 5188 Arcadum
1595 5137 1708 5200 somnia,

428 5227 607 5278 Hartielderus
626 5227 661 5278 l.l.
680 5228 778 5277 somnia
793 5226 1013 5293 pbilosophorum,
1038 5226 1051 5276 l
1072 5227 1086 5294 ᾗ
1106 5225 1138 5279 52
1159 5226 1250 5278 vertit:
1271 5225 1431 5290 „Triumem
1452 5225 1545 5276 welche
1563 5225 1605 5277 die
1623 5225 1709 5276 Philo-
