4125 6300
1008 764 1046 831 63

386 955 484 1019 ortus
510 954 616 1036 atque
643 952 773 1034 obitus,
804 955 879 1034 quia
902 956 1022 1019 Davisii
1043 957 1223 1021 coniectura
1244 956 1347 1037 magis
1369 974 1442 1021 sum
1463 958 1581 1022 tradita
1602 957 1661 1022 lec-

384 1066 470 1125 tione
490 1067 647 1126 convenit.
673 1066 782 1126 Cicero
803 1067 915 1125 ordine
936 1084 1017 1125 usus
1028 1070 1077 1126 est
1089 1084 1184 1141 quem
1197 1068 1294 1144 vulgo
1306 1068 1484 1128 chiasmum
1498 1087 1666 1137 vocamus:

385 1172 567 1234 interitum
590 1219 643 1233 ...
669 1175 785 1233 ortum
807 1218 862 1233 ...
888 1171 1026 1233 oriatur
1048 1218 1103 1233 ...
1130 1172 1275 1235 occidet.

228 1360 281 1436 18,
309 1361 363 1419 42:
385 1358 424 1420 in
455 1359 585 1421 nostris
616 1358 876 1421 commentariis
905 1393 944 1402 -
975 1341 1123 1436 nostris,
1155 1362 1230 1436 quia
1260 1362 1323 1421 Cic.
1355 1380 1461 1439 augur
1490 1363 1551 1422 fuit
1573 1362 1627 1440 (cf.
1653 1364 1668 1421 I

387 1467 440 1542 76,
465 1466 533 1544 29);
557 1466 817 1529 commentariis
836 1468 905 1527 sive
925 1469 1016 1527 libris
1038 1468 1250 1544 auguralibus
1274 1468 1327 1546 (oi.
1353 1470 1368 1527 I
1390 1468 1445 1545 33,
1472 1468 1535 1546 72).

226 1654 281 1729 20,
309 1654 363 1713 46:
384 1655 508 1714 contra
534 1653 629 1715 tacta
651 1656 712 1714 tuo
734 1655 766 1714 et
786 1655 909 1714 contra
930 1653 1062 1732 accepta
1083 1654 1264 1716 defendere
1286 1696 1320 1702 -
1344 1656 1431 1730 quod
1452 1657 1581 1715 Marcus
1602 1656 1670 1731 ipse

386 1778 491 1837 augur
512 1762 572 1820 fuit
593 1770 622 1819 ei
643 1762 677 1820 in
698 1762 854 1852 carmine,
884 1761 971 1835 quod
992 1762 1182 1821 inscribitur
1204 1762 1270 1838 „de
1291 1762 1459 1823 consulatu
1480 1761 1574 1821 meo'’
1598 1781 1669 1839 pro·

385 1868 470 1943 digia
492 1868 623 1927 notavit.

226 2054 281 2129 21,
308 2054 363 2113 47:
387 2053 474 2132 quid
500 2053 627 2115 babent
655 2054 873 2115 observatum
902 2072 943 2115 ae
969 2057 1142 2116 vetustum
1164 2090 1202 2097 —
1229 2058 1248 2115 i.
1270 2074 1296 2116 e.
1328 2058 1405 2132 quid
1431 2057 1549 2116 habent
1573 2057 1669 2134 longa

386 2163 609 2222 observatione
630 2165 785 2221 notatum.

227 2347 281 2422 22,
310 2347 366 2407 49:
388 2351 524 2410 ostenta
557 2351 690 2410 restant
724 2350 780 2409 sed
811 2350 866 2425 24,
908 2350 946 2409 53
978 2350 1084 2409 denuo
1119 2366 1212 2410 nunc
1246 2349 1294 2409 cd
1325 2351 1461 2411 ostento
1491 2348 1671 2411 veniamus

387 2457 539 2533 legimus,
564 2475 638 2516 cum
659 2457 846 2532 interposita
868 2457 909 2515 sit
930 2457 1040 2515 fabula
1061 2458 1100 2515 de
1118 2458 1251 2534 Tagete,
1276 2458 1501 2533 haruspicinae
1515 2458 1671 2517 Etruscae

387 2568 524 2623 auctore.
566 2564 676 2623 Cicero
703 2564 805 2639 enim,
836 2564 955 2623 fontem
984 2563 1142 2624 Graecum
1171 2567 1317 2639 secutus,
1348 2564 1400 2624 hio
1425 2565 1487 2623 illic
1508 2582 1610 2640 pauca
1631 2566 1671 2624 de

386 2671 569 2729 inventione
597 2671 800 2748 singulorum
828 2671 1034 2730 divinationis
1064 2687 1218 2747 generum
1247 2672 1375 2730 disserit
1406 2670 1459 2748 (oi.
1482 2669 1575 2749 §80;
1599 2672 1671 2731 vide

387 2795 486 2854 supra
518 2795 549 2853 p.
574 2778 612 2837 36
634 2775 718 2853 sq.),
756 2793 857 2852 quare
888 2778 971 2838 hano
1002 2778 1145 2837 tabulam
1177 2796 1195 2837 a
1228 2778 1363 2838 Caecina
1391 2782 1553 2855 sumptam
1584 2778 1671 2856 (vide

387 2902 417 2960 p.
442 2884 461 2943 3
482 2887 512 2943 et
533 2882 585 2960 21)
623 2885 683 2943 hoc
712 2884 780 2943 loco
811 2884 936 2959 putavit
967 2883 1121 2943 inculcari
1153 2901 1248 2959 posse
1280 2884 1362 2944 inter
1394 2903 1431 2944 ea
1462 2903 1544 2960 quae
1576 2886 1670 2947 clito-

388 2992 500 3051 macho
521 2992 657 3051 deberet.

227 3187 283 3263 26,
312 3188 367 3246 55:
389 3195 514 3256 anceps
545 3177 721 3239 oratio-
752 3179 839 3239 Sana
869 3183 917 3238 est
947 3179 1039 3239 lectio
1070 3180 1203 3256 tradita,
1239 3197 1343 3255 neque
1374 3199 1446 3241 cum
1480 3182 1670 3258 Hottingero

386 3284 481 3346 ratio
512 3287 751 3363 coniciendum,
785 3287 861 3361 quia
893 3303 1018 3362 anceps
1050 3285 1166 3347 oratio
1197 3290 1245 3346 est
1274 3286 1489 3366 ambiguitas
1516 3290 1612 3362 atque
1638 3288 1670 3346 id

387 3393 494 3469 ipsum
517 3393 700 3468 requiritur.

108 3608 109 3639 r
228 3578 283 3654 26,
312 3578 365 3638 57:
387 3572 503 3633 foveat
532 3570 692 3633 taccitum
721 3570 832 3632 russis
862 3571 969 3631 cantu
995 3570 1197 3650 plausuque
1221 3573 1390 3649 prement
1421 3570 1498 3632 atas
1518 3605 1557 3614 -
1583 3573 1666 3631 Enn.

387 3681 427 3738 ir.
451 3678 543 3738 XXII
564 3680 721 3755 Ribbeck,
746 3679 802 3739 ubi
823 3697 853 3737 v.
868 3678 899 3736 d.
923 3681 1057 3739 annotat
1079 3679 1269 3754 „Pertinere
1290 3679 1407 3738 conieci
1423 3679 1463 3738 ad
1479 3682 1670 3755 anapaestos

388 3788 443 3861 qui
474 3787 659 3864 Iphigeniae
689 3787 778 3845 initio
809 3785 1023 3860 canebantur,
1059 3786 1142 3845 iacta
1171 3785 1211 3844 ad
1239 3787 1401 3861 exemplar
1423 3786 1670 3861 Euripideorum

388 3911 436 3953 vs.
460 3893 478 3953 9
500 3892 620 3953 οὔκουν
647 3891 795 3972 φθόγγος
825 3891 853 3969 γ’
879 3890 950 3951 οὔτε
976 3889 1118 3969 ὀρνίθων
1144 3890 1217 3952 οὔτε
1237 3889 1401 3970 θαλάσσης
1421 3895 1451 3951 et
1473 3909 1520 3951 vs
1547 3893 1604 3952 156
1626 3891 1671 3952 ἴθι

387 3997 572 4060 λευκαίνει.”
608 4001 725 4059 Mirum
754 4004 802 4059 est
830 4000 1040 4060 Ribbeckium
1068 4017 1132 4058 non
1154 3999 1253 4058 verba
1275 4017 1403 4074 quoque
1423 4017 1460 4058 ea
1481 4017 1564 4074 quae
1584 4000 1670 4074 apud

388 4106 570 4167 Ciceronem
591 4108 687 4182 paulo
708 4110 782 4166 ante
801 4107 953 4183 leguntur
974 4103 1115 4166 silentio
1137 4103 1249 4165 noctis
1270 4106 1311 4164 ad
1333 4106 1549 4182 fragmentum
1573 4107 1670 4164 Enni-

387 4231 486 4273 anum
516 4214 694 4289 addidisse,
729 4215 916 4289 praesertim
948 4231 1021 4273 cum
1053 4231 1093 4272 ex
1125 4213 1281 4272 sententia
1315 4213 1432 4272 Baiteri
1461 4216 1491 4271 et
1520 4213 1554 4272 G.
1570 4214 1604 4271 F.
1618 4213 1666 4272 W.

388 4321 512 4379 Miilleri
544 4319 590 4397 (in
621 4318 828 4396 editionibus)
861 4321 940 4380 haec
971 4321 1035 4379 sint
1068 4321 1153 4379 Enni
1185 4320 1297 4394 verba;
1330 4320 1386 4379 sed
1413 4320 1514 4378 isdem
1542 4319 1670 4378 omissis

387 4427 560 4486 Vahlenius
584 4426 681 4504 (Enn.
706 4444 792 4503 poes
818 4428 872 4486 rel.
895 4445 925 4503 p.
949 4425 1019 4503 156)
1041 4445 1138 4486 unam
1155 4427 1242 4486 addit
1257 4445 1366 4487 vocem
1381 4427 1534 4503 legitque:
1556 4425 1672 4486 tacent

387 4532 546 4594 scentes
565 4531 675 4594 russis
696 4531 847 4594 Missis
869 4536 975 4594 caete
992 4532 1193 4611 plausuque
1208 4535 1376 4609 premunt
1397 4532 1492 4594 Alos.

228 4710 284 4785 28,
312 4711 367 4769 62:
389 4703 459 4763 Hoc
487 4703 658 4762 discrimen
686 4704 768 4762 inter
789 4706 1016 4778 ostentum,
1042 4705 1287 4779 monstrum,
1312 4704 1561 4779 prodigium,
1585 4721 1670 4779 por·

388 4812 543 4868 tentum
582 4810 693 4869 statuit
731 4811 991 4868 Pseudo-Fronto
1030 4810 1116 4885 apud
1156 4809 1291 4868 Keilium
1331 4810 1472 4870 Gramm.
1507 4810 1574 4869 Lat.
1610 4811 1669 4868 VII

388 4934 418 4992 p.
443 4916 502 4976 520
529 4920 565 4976 ut
592 4919 799 4976 ostentum
829 4917 886 4991 sit,
918 4916 1004 4991 quod
1026 4920 1152 4991 praeter
1174 4917 1436 4977 consuetudinem
1459 4917 1610 4991 offertur,
1635 4921 1671 4977 ut

388 5026 466 5098 puta
493 5025 520 5082 si
549 5025 694 5083 videatur
722 5027 807 5082 terra
835 5024 948 5083 ardere
976 5024 1025 5082 vel
1054 5023 1175 5082 coelum
1205 5025 1255 5082 vel
1283 5039 1385 5097 mare;
1415 5026 1666 5099 portentum,

388 5131 474 5205 quod
502 5148 598 5206 porro
625 5134 655 5189 et
683 5130 804 5190 diutius
833 5134 940 5190 manet
969 5130 1181 5204 futurumque
1205 5131 1409 5206 postmodum
1432 5130 1551 5205 aliquid
1574 5131 1670 5207 signi·

388 5239 476 5312 ficat;
509 5239 705 5298 monstrem
735 5246 783 5298 est
814 5241 924 5299 contra
956 5241 1124 5316 naturam,
1160 5241 1195 5298 ut
1224 5240 1272 5298 est
1300 5239 1516 5314 minotaurus;
1539 5238 1669 5317 prodi·
