4125 6300
999 741 1038 800 23

376 925 444 1003 (ubi
466 945 571 986 sermo
592 930 640 987 est
661 929 700 987 de
721 928 916 987 divinatione
931 927 1118 1003 artificiosa)
1136 928 1352 987 Clitomachus
1368 928 1437 987 iont
1453 930 1510 987 est.
1535 924 1658 986 Iniuria

309 1082 315 1096 .
374 1034 459 1093 enim
492 1034 661 1093 Schichius
693 1036 804 1094 statuit
815 1034 839 1112 1)
872 1053 943 1095 eam
974 1035 1181 1094 divinationis
1213 1038 1335 1110 partem
1363 1035 1426 1094 iam
1458 1032 1501 1111 ἐξ
1531 1034 1586 1110 35,
1621 1034 1659 1093 36

374 1144 597 1216 pertractatam
609 1158 693 1216 esse,
708 1142 921 1215 quodfalsum
936 1159 1007 1202 esse
1017 1142 1185 1200 ostendere
1196 1144 1330 1201 conatus
1343 1159 1415 1200 sum
1429 1139 1496 1217 (pp.
1508 1141 1545 1200 18
1554 1139 1657 1217 sqq.);

376 1251 465 1323 putat
487 1249 614 1323 quidem
638 1249 687 1305 vir
707 1248 820 1308 doctus
841 1249 1044 1325 partitionem
1066 1248 1219 1307 orationis
1241 1248 1273 1307 in
1299 1246 1342 1325 ἐξ
1361 1249 1397 1308 72
1419 1265 1489 1323 sqq.
1514 1266 1531 1307 e
1554 1247 1659 1307 Stoico

331 1336 334 1343 ¹
374 1356 461 1414 tonte
489 1356 545 1413 sed
572 1355 716 1430 exempla
744 1372 761 1414 e
790 1355 985 1415 Clitomacho
1013 1355 1129 1414 hausta
1158 1372 1229 1414 esse
1257 1372 1315 1414 nec
1342 1357 1448 1414 tamen
1478 1355 1569 1413 video
1594 1371 1659 1429 qua

376 1464 497 1521 ratione
515 1462 649 1536 nitatur,
671 1462 810 1536 exceptis
827 1462 881 1536 iis,
904 1479 986 1536 quae
1004 1462 1045 1520 ad
1065 1459 1084 1538 ξ
1102 1461 1139 1520 78
1157 1462 1246 1536 dicit,
1268 1462 1307 1521 de
1323 1462 1441 1536 quibus
1457 1479 1541 1531 mox.
1566 1461 1658 1529 Quod

374 1567 414 1627 ad
439 1565 482 1644 ἐξ
507 1568 623 1627 74-76
645 1567 772 1642 attinet,
797 1558 876 1626 nihil
897 1571 945 1627 est
966 1568 1054 1643 quod
1076 1568 1270 1628 Clitomacho
1291 1569 1482 1627 tribuamus
1509 1569 1658 1627 Portenta

374 1675 458 1734 enim
487 1674 638 1734 Thebane
666 1693 684 1743 e
710 1675 928 1750 Xenophontis
951 1675 1122 1735 Hellenicis
1145 1675 1336 1734 Posidonius
1360 1675 1405 1752 (id
1427 1676 1513 1750 quod
1535 1676 1659 1735 dubitat

377 1779 558 1857 Schichius)
581 1781 698 1840 afferre
719 1782 837 1858 potuit,
862 1799 1059 1857 quamquam
1082 1783 1159 1840 Xen.
1185 1782 1266 1841 Hell.
1286 1782 1313 1841 6.
1331 1783 1360 1842 4.
1380 1783 1447 1842 lea
1463 1780 1658 1860 τεχνάσματα

374 1890 437 1948 τῶν
464 1886 707 1967 προεστηκότων
735 1889 921 1964 appellavit,
954 1906 1029 1947 nam
1058 1890 1235 1963 Xenophon
1263 1889 1332 1964 ipse
1360 1889 1448 1948 addit
1476 1887 1506 1948 οῖ
1533 1886 1592 1964 μὲν
1619 1886 1657 1967 δή

375 2016 451 2062 τινες
471 1993 629 2073 λέγουσιν,
659 2013 760 2070 quere
781 2013 845 2054 non
867 2013 949 2072 opus
970 1999 1018 2054 est
1040 2014 1112 2055 cum
1137 1995 1283 2055 Schichio
1305 1996 1429 2071 opinari
1452 1995 1658 2055 Posidonium

374 2103 561 2162 auctoritate
583 2103 801 2177 Xenophontis
823 2102 1030 2162 absterritum
1052 2120 1123 2162 esse
1143 2104 1316 2177 quominus
1333 2120 1369 2161 ea
1385 2104 1655 2162 commemoraret.

376 2209 494 2267 Deinde
517 2206 536 2285 ᾖ
559 2207 618 2268 781)
642 2207 711 2285 (ubi
732 2209 841 2268 tabula
862 2211 1014 2268 narratur
1028 2210 1069 2268 de
1083 2210 1187 2268 Midae
1201 2211 1231 2267 et
1245 2209 1387 2269 Platonis
1402 2208 1552 2284 pueritia)
1568 2210 1659 2268 aliter

374 2316 492 2391 accipio
526 2319 622 2391 atque
655 2316 838 2390 Schichius,
876 2317 932 2391 qui
963 2317 1124 2376 contendit
1135 2315 1161 2393 2)
1195 2334 1259 2375 non
1290 2316 1434 2391 exempla
1460 2314 1658 2393 peritorum

374 2423 542 2499 subiungi,
566 2424 638 2483 licet
658 2426 732 2483 ante
752 2441 770 2483 a
787 2423 937 2483 Cicerone
950 2424 1071 2483 dictum
1086 2424 1141 2483 sit:
1163 2420 1258 2482 fiunt
1272 2424 1382 2483 cartae
1397 2420 1656 2484 divinationum

375 2528 590 2591 coniecturae
618 2547 640 2589 a
655 2528 792 2608 peratis.
829 2531 891 2590 Sed
913 2531 965 2590 illa
986 2531 1170 2589 indicantur
1191 2530 1298 2589 verbis
1314 2528 1538 2606 praedictum
1559 2531 1608 2590 eet
1628 2534 1658 2589 et

373 2654 578 2713 responsum
606 2639 671 2698 est:
697 2656 835 2712 eumque
864 2637 1031 2698 Schichius
1061 2655 1125 2695 non
1154 2637 1315 2696 Posidonii
1343 2638 1421 2696 haec
1448 2654 1519 2696 esse
1543 2638 1658 2697 sentiat

373 2744 530 2819 imprimis
558 2745 644 2819 quod
672 2762 737 2803 non
766 2745 939 2820 peritorum
968 2761 1123 2820 response
1146 2743 1195 2802 vel
1216 2744 1415 2802 coniecturae
1438 2744 1654 2819 inveniantur,
1688 2774 1691 2779 ·

374 2852 433 2909 etsi
463 2851 552 2909 initio
584 2849 604 2928 ς
635 2851 672 2910 78
699 2852 739 2910 de
766 2851 804 2909 iis
833 2868 1012 2910 sermonem
1041 2851 1109 2910 lore
1137 2850 1245 2911 Cicero
1273 2851 1372 2926 dicat,
1406 2852 1541 2926 ideoque
1568 2852 1657 2910 alteri

373 2958 509 3034 tribuat,
547 2974 660 3033 nempe
692 2958 901 3033 Clitomacho,
936 2958 1117 3017 coniectura
1148 2958 1217 3016 eius
1250 2958 1289 3016 ad
1321 2958 1400 3016 nihil
1430 2960 1478 3016 est
1511 2959 1654 3032 redacta,

374 3064 448 3139 quia
469 3081 578 3123 errore
598 3065 719 3123 nititur.

414 3173 652 3231 Panaetium
674 3174 707 3230 in
731 3170 775 3249 ἐξ
798 3171 836 3231 82
858 3175 888 3231 et
909 3172 947 3231 83
969 3173 1088 3230 iontem
1110 3189 1181 3230 esse
1202 3170 1385 3248 opinatur-3)
1408 3174 1439 3230 et
1453 3189 1471 3231 a
1487 3172 1657 3231 Posidonio

374 3297 442 3338 eam
471 3280 796 3355 argumentationem,
828 3296 910 3354 quae
934 3279 1316 3355 divinationis‘originem
1339 3298 1357 3337 a
1378 3279 1428 3337 dis
1449 3279 1561 3353 ducat,
1593 3297 1656 3338 non

375 3387 540 3462 probatam
568 3403 639 3446 esse
665 3387 740 3445 inde
766 3387 880 3463 elficit,
911 3387 997 3461 quod
1023 3387 1112 3445 initio
1136 3385 1155 3463 ξ
1178 3387 1216 3446 84
1238 3387 1307 3445 eius
1329 3404 1444 3446 nomen
1467 3404 1484 3445 a
1507 3366 1658 3448 Cicerone

374 3494 633 3569 praetermissum
662 3491 757 3569 sne),
789 3511 893 3568 neque
920 3493 1149 3569 gravissimum
1173 3494 1262 3551 illum
1287 3493 1427 3552 Stoicum
1451 3493 1658 3567 Ciceronique

373 3601 658 3660 familiarissimum
686 3601 894 3675 praetermitti
922 3601 1066 3675 potuisse
1093 3603 1200 3675 putat,
1232 3600 1258 3658 si
1285 3601 1371 3675 apud
1393 3600 1598 3659 Posidonium
1621 3618 1656 3659 ea

374 3708 454 3766 ratio
475 3708 655 3766 exstitisset.
683 3708 849 3766 Praeterea
870 3707 897 3765 si
920 3707 1111 3767 Posidonius
1133 3724 1261 3781 quoque
1280 3707 1551 3766 ratiocinationem
1570 3708 1656 3766 illam

373 3815 406 3873 in
433 3814 515 3873 libro
543 3831 602 3873 suo
630 3814 811 3889 habuisset,
842 3815 972 3873 omnino
995 3815 1116 3873 nullam
1138 3815 1239 3873 luisse
1260 3831 1404 3889 causam,
1436 3832 1494 3873 eur
1516 3832 1551 3873 ea
1573 3818 1657 3873 esset

373 3921 475 3996 posita
497 3924 586 3979 extra
600 3938 727 3979 omnem
743 3938 814 3980 cum
830 3921 961 3995 reliquis
976 3921 1049 3979 libri
1064 3922 1210 3997 partibus
1225 3921 1488 3980 coniunctionem.
1515 3921 1658 3995 Denique

374 4029 401 4086 si
428 4029 515 4104 apud
541 4027 747 4086 Posidonium
770 4028 879 4088 Cicero
900 4028 970 4087 illas
994 4026 1038 4105 ἐξ
1061 4028 1099 4087 82
1121 4031 1151 4086 et
1172 4028 1210 4087 83
1231 4028 1422 4103 invenisset,
1455 4045 1518 4086 non
1540 4028 1656 4086 ibidem

374 4137 502 4194 nomina
518 4135 780 4210 philosophorum
791 4133 934 4194 eiusdem
946 4138 1050 4194 sectae
1060 4136 1142 4194 idem
1155 4135 1358 4194 sentientium
1371 4136 1527 4193 lecturum
1538 4136 1653 4210 luisse,

374 4243 525 4317 quoniam
556 4242 588 4300 id
620 4242 661 4300 ab
692 4259 755 4301 usu
787 4260 859 4301 cum
888 4243 1100 4302 recentiorum
1125 4245 1194 4300 tum
1222 4245 1365 4301 veterum
1393 4242 1656 4317 philosophorum

373 4349 503 4407 omnino
524 4347 703 4407 abhorreat.
728 4349 775 4407 Ad
796 4349 1000 4408 haecomnia
1022 4351 1212 4425 argumenta
1231 4349 1369 4407 breviter
1387 4349 1594 4424 respondebo.
1622 4348 1656 4408 Si

373 4588 469 4655 sophen
495 4587 638 4652 aniiihren,
664 4605 707 4638 um
732 4588 789 4640 ihre
808 4585 1014 4654 Behauptungen
1033 4605 1064 4638 zu
1085 4588 1223 4651 beweisen,
1251 4588 1297 4639 wie
1315 4588 1357 4639 die
1375 4589 1545 4654 Fortsetznug
1563 4587 1656 4652 zeigt.'’

374 4677 455 4740 Quasi
479 4677 579 4728 sonrnia
603 4693 676 4744 capp.
696 4676 802 4730 20-25
827 4694 880 4727 non
905 4677 983 4728 etiam
1009 4677 1123 4727 maxima
1149 4684 1222 4743 parte
1246 4694 1260 4727 e
1285 4676 1438 4742 philosopho
1464 4677 1598 4741 fluxerint3
1625 4694 1656 4728 ea

373 4775 459 4819 tamen
487 4768 576 4818 Cicero
601 4769 615 4834 ᾗ
640 4766 673 4820 52
699 4767 818 4819 discernit
844 4767 877 4818 ab
902 4768 932 4818 iis
957 4784 1023 4833 quae
1048 4777 1206 4833 sequuntur,
1233 4767 1284 4818 ita:
1306 4768 1354 4818 aad
1378 4768 1506 4818 veniamus
1530 4785 1596 4816 nunc
1622 4768 1656 4818 ad

373 4858 470 4908 amunio
484 4856 716 4924 philoaopbomm.'’

408 4945 431 5010 ¹)
468 4964 492 5013 p.
512 4945 544 4997 21
565 4945 650 5024 eqeb.

408 5035 432 5101 2)
469 5053 492 5101 p.
512 5034 555 5086 21.

407 5123 430 5189 ³)
465 5141 524 5190 pag.
543 5122 577 5175 22
597 5132 622 5175 et
640 5124 682 5176 23.

408 5211 430 5279 ⁴)
466 5214 481 5280 ᾗ
500 5212 535 5265 84
554 5213 599 5264 hac
617 5214 714 5276 ratione
734 5220 757 5263 cl
778 5211 933 5280 Chrysippus
952 5219 975 5263 ct
994 5212 1121 5281 Dicpcneu
1140 5221 1163 5264 ct
1181 5214 1318 5280 Antipater
1337 5215 1424 5262 utitur.
