4125 6300
994 753 1032 813 37

374 941 511 1001 Schichii
538 942 761 1001 dissertatione
788 941 934 1017 laudavi,
965 941 1044 1000 illud
1066 940 1203 999 maxime
1224 940 1356 999 offendit
1378 940 1490 1015 „hunc
1511 940 1654 998 ordinem

371 1050 403 1107 in
425 1049 634 1124 sequentibus
656 1047 803 1122 servat;’'
828 1049 861 1106 id
882 1048 966 1107 enim
989 1066 1054 1107 non
1076 1065 1188 1107 verum
1209 1050 1271 1106 est:
1301 1047 1468 1107 naturam
1489 1048 1519 1105 et
1541 1045 1654 1107 incen-

373 1155 501 1216 tionem
527 1158 557 1215 et
583 1154 817 1216 constantiam
838 1156 871 1214 in
892 1155 1103 1229 sequentibus
1124 1155 1246 1213 frustra
1268 1154 1427 1229 quaesivi,
1457 1153 1551 1212 iniis
1573 1171 1656 1228 quae

371 1258 562 1323 antecedunt
589 1264 641 1323 hic
668 1264 730 1322 illic
758 1263 855 1321 huius
883 1262 1005 1321 ordinis
1028 1261 1161 1337 vestigia
1183 1261 1308 1336 inveni,
1339 1259 1425 1319 unde
1446 1260 1591 1335 sequitur
1611 1260 1654 1318 ibi

372 1371 554 1431 Ciceronem
575 1371 710 1429 eundem
734 1369 918 1430 Clitomachi
938 1369 1057 1427 librum
1079 1368 1290 1444 excerpsisse;
1315 1368 1448 1444 vestigia
1470 1368 1540 1427 dico
1561 1366 1653 1426 haec:

373 1475 417 1555 ἐξ
445 1460 564 1537 :ta—aa
595 1476 635 1537 de
665 1480 811 1536 extorum
840 1479 973 1551 natura,
1010 1474 1055 1553 ἐξ
1084 1476 1203 1535 28—33
1231 1475 1271 1535 de
1298 1479 1445 1535 extorum
1472 1474 1655 1534 inventione

372 1584 468 1662 (ucnt
488 1583 607 1662 icitur,
631 1584 735 1659 inquit
757 1584 880 1658 Cicero,
906 1582 994 1643 artis
1014 1581 1185 1659 inuenta),
1212 1580 1255 1660 ἐξ
1276 1581 1395 1642 38-42
1415 1582 1456 1640 de
1476 1581 1654 1641 constantia

370 1694 516 1750 extorum
532 1691 738 1750 divinationis
755 1697 859 1767 (quac
875 1690 990 1749 autern
1006 1688 1244 1750 inconstantia
1260 1668 1405 1749 accrum
1420 1688 1498 1764 est),
1519 1684 1563 1765 ἐξ
1576 1686 1655 1745 44-

371 1815 397 1856 c.
426 1796 465 1857 20
492 1798 532 1856 de
559 1798 725 1873 fulgurum
753 1799 886 1871 natura,
921 1778 947 1855 c.
976 1796 1014 1855 23
1044 1795 1084 1854 de
1110 1797 1308 1855 ostentorum
1336 1794 1535 1870 inventione,
1569 1790 1589 1870 ᾖ
1616 1791 1655 1852 80

370 1905 476 1980 ipsum
504 1905 649 1963 ordinem
677 1905 831 1978 continet,
862 1905 898 1962 ut
926 1920 1025 1978 supra
1053 1903 1136 1978 dixi,
1170 1901 1249 1979 §81
1280 1901 1319 1961 de
1344 1901 1560 1977 auspiciorum
1581 1918 1654 1960 oon·

371 2013 505 2086 stantia,
532 2009 551 2088 5
573 2010 673 2071 seue
694 2011 828 2070 sortium
849 2012 980 2086 natura,
1007 2008 1027 2086 ξ
1047 2008 1085 2069 85
1104 2008 1144 2068 de
1163 2010 1297 2068 sortium
1312 2008 1509 2084 inventione,
1535 2005 1579 2085 ἐξ
1598 2007 1651 2083 86,

371 2116 408 2177 87
437 2118 477 2176 de
503 2117 716 2177 inconstantia
745 2117 888 2175 sortium.
921 2117 969 2174 Ex
997 2116 1059 2175 hac
1084 2097 1267 2174 recensione
1288 2115 1472 2176 Ciceronem
1492 2113 1654 2174 interdum

370 2214 514 2283 ordinem
535 2226 678 2283 mutasse
697 2225 783 2299 patet
805 2239 908 2298 neque
928 2225 1014 2282 certo
1036 2222 1158 2282 secerni
1179 2225 1316 2297 possunt
1337 2238 1373 2281 ea
1396 2237 1478 2296 quae
1496 2221 1654 2296 exipsius

294 2326 299 2338 ’
371 2332 522 2390 memoria
552 2332 601 2391 vel
628 2330 756 2407 ingenio
783 2329 958 2405 prodierint
986 2330 1027 2389 ab
1055 2330 1094 2388 iis
1122 2346 1205 2404 quae
1227 2329 1307 2388 lonti
1328 2329 1514 2388 debeantur..
1548 2327 1655 2396 Quare

371 2440 448 2498 haec
479 2456 531 2498 res
561 2456 626 2497 non
657 2438 802 2513 urgenda
842 2440 907 2495 est:
940 2437 972 2495 id
1002 2453 1078 2495 vero
1106 2436 1207 2495 multo
1235 2436 1337 2511 pluris
1365 2435 1516 2494 momenti
1544 2437 1592 2493 est
1620 2435 1652 2493 iu

371 2546 579 2620 sequentibus
600 2546 745 2605 ordinem
764 2545 854 2603 illurn
876 2544 1003 2619 deesse,
1028 2544 1114 2619 quod
1136 2544 1217 2602 miro
1238 2543 1332 2602 modo
1352 2543 1435 2619 fugit
1456 2561 1486 2601 v.
1508 2543 1538 2601 d.
1566 2542 1653 2601 Schi-

371 2652 487 2711 chium.
520 2652 719 2711 Postremum
742 2651 775 2709 in
796 2651 878 2710 libro
898 2650 991 2710 tertio
1012 2652 1052 2709 de
1073 2653 1138 2709 uat.
1163 2650 1314 2725 deorum,
1345 2650 1401 2708 ubl
1423 2649 1653 2710 Clitomachum
1728 2728 1732 2736 .

371 2759 489 2817 fontem
517 2776 588 2817 esse
612 2757 751 2817 ostendit
772 2757 932 2816 Hirzelius
942 2755 984 2833 1),
1016 2757 1153 2833 legimus
1164 2755 1189 2832 2)
1221 2758 1295 2818 tunc
1317 2755 1448 2817 Balbus
1469 2754 1654 2833 „equidem

371 2864 529 2925 attulisse
554 2863 709 2925 rationes
736 2862 824 2924 mibi
849 2862 982 2939 uideor,
1013 2862 1074 2923 sed
1102 2880 1160 2923 cas
1189 2864 1226 2923 tu
1253 2862 1306 2923 ita
1331 2861 1475 2938 rescitis,
1509 2864 1549 2922 ut
1576 2879 1653 2922 cum

371 2989 425 3032 mc
447 2971 728 3049 interropaturus
749 2987 818 3031 esse
837 2969 975 3031 videare
996 2972 1029 3030 et
1049 2987 1110 3048 epo
1133 2987 1187 3030 nic
1207 2969 1256 3030 ad
1275 2969 1555 3047 respondendum
1577 2986 1653 3029 con·

365 3078 545 3157 pararim,
576 3079 714 3156 repente
738 3079 874 3138 acutas
895 3077 1090 3138 orationem
1111 3094 1171 3138 nec
1192 3076 1252 3138 des
1271 3076 1505 3156 respondendi
1527 3075 1663 3137 locuni
1728 3146 1729 3152 ἵ

370 3185 495 3264 Itaque
524 3185 695 3246 naccinae
724 3202 779 3245 res
811 3182 936 3246 tacitae
961 3184 1237 3262 praeterierunt,
1274 3184 1315 3245 de
1346 3183 1577 3259 divinatione,
1612 3183 1655 3244 dc

371 3293 460 3370 tata,
493 3292 618 3371 quibus
639 3291 681 3353 de
702 3290 964 3370 quaestionibus
986 3293 1023 3353 tu
1047 3290 1187 3370 quidem
1208 3291 1373 3367 strictim,
1401 3290 1515 3351 nostri
1536 3273 1653 3352 autern

371 3399 484 3460 multa
513 3399 626 3461 soient
657 3398 783 3475 dicere,
816 3398 877 3459 scd
908 3398 952 3459 ab
983 3398 1048 3459 bac
1078 3416 1119 3459 ca
1150 3399 1352 3476 quaestione
1379 3415 1469 3476 quae
1495 3415 1588 3458 nunc
1615 3397 1653 3458 in

372 3507 533 3568 manibus
554 3509 603 3568 cst
622 3507 841 3584 sacrantur.
867 3506 948 3566 Cum
969 3506 1029 3565 hoc
1049 3507 1118 3566 loco
1138 3507 1346 3565 Academicus
1368 3506 1464 3564 simul
1481 3506 1522 3564 de
1536 3507 1653 3564 natura
1754 3565 1756 3568 .

370 3616 502 3674 deorum
530 3618 560 3674 et
587 3615 627 3673 de
654 3614 849 3696 divinatione
875 3614 906 3672 et
933 3613 973 3671 de
993 3613 1059 3672 tato
1080 3614 1261 3688 promiscue
1282 3629 1376 3689 agere
1396 3613 1537 3687 dicatur,
1568 3615 1599 3671 et
1619 3612 1652 3670 in

370 3723 451 3781 libro
478 3723 571 3781 tertio
598 3721 638 3780 de
664 3723 729 3780 nat.
754 3721 887 3779 deorum
911 3723 942 3780 et
962 3721 996 3779 in
1016 3720 1099 3778 libro
1121 3721 1261 3779 secundo
1282 3721 1321 3778 de
1341 3705 1538 3778 divinatione
1559 3719 1652 3779 Clito·

371 3829 504 3888 machus
531 3829 604 3887 fons
633 3830 689 3903 sit,
720 3831 750 3888 et
777 3828 811 3885 in
838 3827 920 3886 libro
948 3827 1089 3886 secundo
1110 3827 1150 3886 de
1170 3827 1234 3885 div.
1260 3844 1294 3885 re
1315 3844 1390 3885 vera
1412 3827 1505 3885 etiam
1527 3826 1567 3885 de
1587 3827 1652 3884 fato

371 3953 476 3996 sermo
505 3936 561 4012 sit,
593 3936 734 4010 suspicio
761 3952 826 3994 non
854 3935 944 3994 abest
972 3935 1050 4009 quin
1079 3935 1189 3994 eodem
1219 3934 1403 3994 Clitomachi
1427 3951 1523 4008 opere
1544 3933 1652 3993 Cicero

371 4059 452 4100 usus
483 4042 524 4100 sit
555 4043 588 4100 in
620 4044 757 4115 utroque
787 4040 886 4116 libre,
921 4057 1005 4115 quae
1033 4041 1173 4116 suspicio
1201 4041 1411 4099 confirmatur
1439 4039 1653 4114 comparando

371 4149 543 4208 nonnullos
564 4166 581 4209 e
602 4149 621 4207 l.
646 4149 698 4207 III
719 4149 759 4207 de
780 4151 845 4208 nat.
869 4149 955 4207 deor.
980 4152 1011 4208 et
1031 4167 1049 4207 e
1069 4149 1089 4207 l.
1114 4149 1147 4206 II
1170 4149 1209 4206 de
1230 4148 1293 4206 div.
1318 4149 1420 4207 locos:

567 4354 607 4413 de
628 4374 659 4414 n.
683 4354 713 4412 d.
739 4355 789 4412 III
1236 4354 1276 4412 de
1296 4353 1360 4412 div.
1385 4353 1418 4411 ΙΙ

413 4486 503 4565 §14-
547 4503 649 4564 snare
678 4487 795 4546 autem
826 4504 870 4547 nc
899 4486 985 4547 utile
1080 4485 1171 4564 522.
1216 4487 1322 4563 atquc
1357 4503 1418 4563 epo
1455 4503 1498 4546 ne
1531 4484 1651 4546 utitem

372 4592 512 4671 quidem
554 4595 603 4654 cst
642 4592 729 4653 scire
768 4591 855 4670 quid
892 4593 983 4654 tutu·
1040 4591 1180 4670 quidem
1209 4591 1363 4653 arbitror
1392 4609 1460 4652 esse
1481 4590 1581 4652 nobis
1599 4590 1650 4650 tu·

369 4718 450 4760 runc
470 4699 526 4761 sit.
1040 4701 1200 4760 turanum
1221 4717 1337 4760 rerum
1359 4697 1549 4760 scientiane.

411 4805 490 4884 quis
509 4804 641 4866 incenit
660 4805 784 4866 fissum
805 4805 950 4866 iecoris?
1081 4804 1170 4884 §32
1215 4805 1338 4866 fissum
1359 4804 1535 4866 familiare
1556 4806 1588 4864 ct
1605 4803 1651 4864 ci·

1040 4912 1108 4974 tate
1120 4912 1270 4990 (bostiie,
1288 4911 1471 4989 Hottinger)
1486 4913 1647 4972 tractant.

378 5013 583 5046 -“”““Γ

405 5138 427 5202 1)
465 5138 697 5206 Unterruehungeu
717 5139 731 5190 Ι
739 5177 746 5204 ,
765 5156 790 5204 p.
809 5137 870 5191 243.

404 5227 427 5293 ²)
463 5228 496 5278 de
514 5236 566 5279 nat.
586 5228 656 5280 deor.
676 5228 734 5294 111,
753 5227 771 5298 §
792 5228 832 5281 19.
