4125 6300
1054 746 1091 815 sl

433 940 540 1021 glum
578 940 664 1018 quod
700 956 804 1003 mores
840 936 977 1018 iaciunt,
1019 958 1077 1018 per
1112 940 1198 1018 quod
1232 940 1457 1005 detrimentum
1488 941 1710 1023 expectatur.'’

433 1053 548 1115 Festus
569 1069 600 1127 p.
626 1050 697 1110 138:
720 1051 941 1126 „Monstrum‚
966 1054 1003 1109 ut
1023 1050 1131 1109 Aelius
1155 1050 1234 1110 Stilo
1252 1051 1493 1130 interpretatur,
1517 1056 1713 1115 amonendo

432 1158 551 1217 dictum
583 1158 632 1216 θεῖ
664 1157 750 1216 velut
781 1159 989 1216 monestrum.
1024 1158 1104 1217 Item
1136 1156 1268 1217 Sinnius
1291 1158 1418 1235 Capito,
1449 1161 1535 1235 quod
1557 1163 1713 1221 monstret
1762 1235 1764 1241 Ι

432 1265 595 1340 futurum,
636 1266 667 1323 et
696 1266 823 1323 moneat
854 1266 1051 1323 voluntatem
1082 1264 1232 1340 deorum,
1266 1266 1353 1341 quod
1384 1267 1479 1327 etiam
1510 1268 1709 1345 prodigium,

433 1372 519 1431 velut
550 1371 747 1447 praedictum
777 1374 807 1431 et
838 1371 931 1446 quasi
962 1371 1177 1447 praedictum,
1211 1372 1298 1447 quod
1329 1373 1490 1448 praedicat
1520 1375 1647 1451 eadem,
1682 1378 1712 1435 et

431 1481 630 1554 portentum,
661 1478 748 1553 quod
775 1478 944 1553 portendat
965 1479 996 1537 et
1017 1478 1175 1554 significet
1196 1478 1302 1538 indici.
1326 1480 1465 1556 Apparet
1485 1481 1517 1539 id
1539 1485 1708 1558 quartum,

432 1586 517 1661 quod
545 1586 623 1645 mihi
649 1585 754 1644 visum
776 1587 823 1644 est
845 1584 1063 1660 adiciendum,
1096 1585 1283 1660 praesertim
1305 1603 1379 1645 cum
1398 1604 1438 1645 ex
1458 1588 1567 1647 eadem
1590 1588 1711 1665 signiti-
1828 1664 1833 1675 ι
1915 1624 1916 1631 .

431 1694 552 1752 crtione
578 1692 730 1768 pendeat,
760 1693 791 1751 et
818 1692 851 1750 in
874 1694 1024 1767 promptu
1047 1691 1088 1750 sit
1108 1691 1275 1768 omnibus,
1304 1692 1336 1751 id
1358 1695 1406 1752 θεῖ
1426 1694 1602 1754 ostentum:
1624 1695 1711 1770 quod

430 1800 503 1859 item
526 1800 567 1859 ab
587 1799 785 1859 ostendendo
805 1799 924 1858 dictum
946 1801 994 1857 est
1015 1799 1102 1873 apud
1124 1798 1308 1859 auctores”
1331 1832 1371 1843 -
1393 1818 1423 1876 p.
1451 1801 1508 1861 140
1529 1805 1710 1861 monstrum

430 1908 549 1967 dictum
579 1907 665 1966 velut
692 1908 908 1981 monestrum,
939 1905 1026 1980 quod
1052 1886 1179 1965 moneat
1204 1906 1324 1981 aliquid
1345 1908 1506 1981 iuturum3
1529 1908 1710 1984 prodigium

431 2015 517 2074 velut
532 2014 723 2089 predicium,
748 2013 834 2088 quod
850 2012 1025 2088 praedicat;
1048 2015 1231 2088 portentum
1246 2013 1332 2088 quod
1345 2014 1526 2089 portendat;
1549 2008 1710 2074 ostentum

430 2122 517 2196 quod
547 2121 704 2181 ostendat.
738 2152 777 2162 -
808 2137 838 2195 p.
865 2119 921 2179 157
950 2120 1095 2179 Monstra
1123 2119 1275 2179 dicuntur
1303 2123 1438 2180 naturae
1465 2122 1595 2180 modum
1622 2138 1710 2199 egre-

430 2229 564 2304 dientia,
589 2231 625 2287 ul
646 2245 779 2303 serpens
800 2245 873 2287 cum
895 2225 1048 2302 pedibus,
1072 2227 1142 2286 avis
1164 2245 1236 2287 cum
1259 2229 1412 2302 quattuor
1426 2228 1501 2303 alis,
1526 2229 1710 2288 homocum

430 2335 557 2395 duobus
588 2334 762 2410 capitibus,
796 2334 883 2393 iecur
914 2351 986 2393 cum
1018 2333 1149 2393 distabit
1179 2334 1212 2392 in
1244 2334 1418 2409 coquendo.
1453 2367 1492 2377 -
1530 2334 1653 2394 Nonius
1675 2352 1706 2410 p.

429 2441 488 2501 430
510 2442 569 2500 M.:
599 2441 743 2500 Monstra
771 2444 801 2499 et
822 2442 946 2499 ostenta
967 2440 1112 2499 similiter
1133 2440 1372 2517 intelliguntur,
1404 2441 1491 2516 quod
1511 2440 1710 2501 imminentia

430 2551 609 2608 monstrent
629 2550 660 2607 et
680 2547 860 2606 ostendant.
895 2546 996 2606 Omen
1019 2563 1096 2606 vero
1117 2550 1228 2606 votum
1248 2551 1297 2607 est
1318 2548 1433 2607 mentis
1454 2551 1484 2607 et
1499 2548 1601 2621 vocis;
1624 2548 1711 2607 unde

429 2654 685 2717 sacrificantibus
706 2653 840 2714 dicitur:
864 2654 980 2729 „Bona
1001 2653 1108 2712 omina
1122 2651 1260 2713 habete'’
1283 2654 1392 2730 idest,
1416 2656 1452 2713 ut
1466 2654 1710 2713 circumstantes

429 2766 459 2823 et
480 2764 585 2822 mente
606 2763 691 2821 recta
713 2760 825 2835 velint,
849 2762 879 2819 et
893 2760 977 2819 bona
991 2759 1108 2818 ovibus
1123 2760 1302 2835 proferant:
1325 2761 1511 2820 Portentum
1526 2778 1590 2819 non
1606 2760 1708 2819 solum

429 2870 515 2945 quod
543 2868 728 2944 portendat,
759 2867 816 2926 sed
840 2868 927 2941 quod
948 2867 1043 2926 etiam
1064 2869 1226 2943 apportet,
1250 2870 1281 2926 et
1302 2866 1396 2927 iaciat
1417 2885 1456 2926 ex
1477 2867 1527 2926 his
1549 2867 1709 2943 significa-

429 2978 570 3038 tionibus
601 2993 684 3051 quae
714 2975 747 3033 in
778 2974 949 3050 auspiciis,
979 2973 1142 3049 auguriiS,
1173 2974 1346 3049 extispiciis
1373 2974 1598 3033 ostenduntur.
1624 2968 1708 3033 ‘Pro-

428 3085 549 3161 digium
578 3086 684 3143 autem
712 3081 887 3159 pessimum
915 3083 980 3157 est,
1011 3080 1131 3140 dictum
1160 3080 1253 3156 quasi
1279 3097 1375 3157 porro
1396 3081 1599 3158 adigendum.
1634 3081 1708 3139 Ver·

429 3193 524 3268 gilius
548 3187 729 3268 [Aeneidos]
753 3189 807 3248 lib.
832 3187 883 3248 III
906 3186 950 3266 [v.
975 3187 1065 3267 3651:

660 3326 735 3386 Sola
756 3343 876 3385 novum
898 3325 1049 3400 dictuque
1070 3327 1160 3385 netas
1181 3327 1316 3403 harpyia
1339 3326 1473 3387 Celaeno

659 3433 845 3509 Prodigium
866 3433 950 3492 canit
970 3435 1001 3491 et
1021 3433 1130 3492 tristes
1151 3434 1318 3493 denuntiat
1339 3434 1414 3493 iras.

429 3576 498 3651 Dig.
524 3573 579 3650 50,
605 3572 658 3649 16,
682 3570 722 3631 38
739 3571 895 3647 Ulpianus
909 3571 991 3630 libro
1003 3571 1176 3630 vicensimo
1186 3571 1299 3646 quinto
1311 3572 1351 3631 ad
1362 3572 1516 3631 edictum:
1538 3571 1706 3631 Ostentum

428 3683 533 3742 Labeo
554 3679 665 3740 definit
685 3696 780 3738 omne
801 3681 911 3737 contra
933 3682 1083 3748 naturam
1104 3678 1260 3753 cuiusque
1281 3679 1325 3739 rei
1346 3679 1489 3755 genitum
1511 3679 1703 3753 factumque.

429 3791 499 3848 Duo
530 3805 647 3864 genera
679 3793 785 3846 autem
816 3788 893 3844 sunt
924 3786 1139 3843 ostentorum:
1174 3803 1277 3844 unum
1308 3786 1455 3860 quotiens
1487 3785 1564 3860 quid
1596 3788 1706 3845 contra

428 3899 577 3956 naturam
599 3894 742 3953 nascitur
763 3892 867 3951 tribus
890 3891 1039 3950 manibus
1061 3892 1142 3950 forte
1163 3895 1218 3952 aut
1239 3892 1374 3967 pedibus
1392 3895 1448 3951 aut
1462 3909 1526 3967 qua
1541 3892 1602 3951 alia
1617 3894 1707 3967 parte

352 4041 357 4048 ,
428 4003 586 4078 corporis,
611 4016 694 4076 quae
714 4004 849 4058 naturae
870 3998 1029 4057 contraria
1044 4001 1108 4056 est:
1131 3998 1282 4072 alterum,
1307 4014 1379 4057 cum
1395 3998 1473 4072 quid
1487 3997 1706 4074 prodigiosum

429 4110 554 4169 videtur
581 4124 665 4182 quae
692 4105 803 4165 Graeci
831 4102 1039 4181 φαντάσματα
1068 4106 1192 4163 vocant.
1218 4103 1265 4164 Of.
1292 4103 1416 4162 Ddderl.
1444 4102 1521 4180 Syn.
1547 4105 1574 4164 5.
1599 4120 1631 4178 p.
1656 4104 1703 4163 74.

429 4219 596 4292 Hartung,
621 4214 719 4290 Relig.
744 4212 801 4270 der
822 4212 938 4269 Rdmer
960 4211 994 4285 1,
1019 4210 1057 4270 97
1080 4227 1150 4285 sqq.

267 4422 323 4498 30,
352 4421 406 4480 632
430 4401 587 4483 loquitur
614 4399 856 4478 Agamemnon
882 4430 922 4440 —
951 4399 1047 4457 Errat
1075 4398 1184 4458 Cicero
1210 4415 1285 4457 nam
1306 4399 1392 4473 apud
1414 4399 1588 4457 Homerum
1612 4397 1703 4472 Iliad.

428 4514 461 4572 II
483 4511 542 4571 299
564 4526 634 4584 sqq.
659 4525 723 4566 non
745 4508 964 4583 Agamemnon
985 4505 1042 4564 sed
1064 4505 1170 4564 Ulixes
1191 4505 1342 4579 loquitur.

267 4706 322 4782 30,
350 4705 405 4765 64:
429 4694 480 4754 tot
582 4687 838 4751 exanclabimus
866 4704 978 4747 ancos
1007 4727 1041 4734 -
1072 4687 1195 4747 Nonius
1223 4705 1254 4763 p.
1278 4687 1337 4748 292
1358 4688 1420 4746 M.:
1450 4686 1706 4762 „Exanclare

427 4801 587 4879 significat
607 4798 793 4858 exhaurire:
816 4798 950 4855 Plautus
971 4796 1004 4854 in
1029 4792 1161 4855 Sticho”
1181 4792 1266 4872 [272]
1290 4795 1382 4870 „Nae
1395 4794 1455 4853 iste
1468 4793 1578 4868 edepol
1594 4793 1705 4852 vinum

426 4909 540 4985 poculo
561 4905 736 4983 pauxillulo
761 4937 799 4945 —
828 4902 930 4977 Saepe
950 4901 1128 4961 exanclavit
1149 4901 1335 4960 submerum
1357 4901 1524 4960 scitissime
1546 4900 1593 4960 Gi.
1619 4901 1701 4959 Enn.

426 5021 467 5077 tr.
491 5033 539 5074 vs.
565 5015 621 5074 134
648 5012 715 5071 Nisi
741 5017 863 5086 patrem
885 5012 1029 5068 materno
1052 5009 1210 5084 sanguine
1230 5008 1427 5067 exanclando
1447 5007 1641 5067 ulciscerem.
1668 5045 1701 5053 -

426 5123 549 5182 Nonius
576 5120 671 5180 ibid:
705 5117 946 5191 Exanclari,
978 5116 1097 5192 perfici.
1130 5116 1290 5175 Pacuvius
1319 5116 1470 5175 Periboea
1493 5112 1578 5191 (290)
1608 5114 1704 5190 „Non

426 5233 545 5310 potest,
569 5227 761 5304 Melanippo,
785 5224 836 5284 hic
858 5224 927 5283 sine
947 5226 1002 5283 tua
1024 5240 1121 5298 opera
1142 5223 1302 5283 exanclari
1323 5220 1450 5282 labos”
1474 5221 1706 5282 Exanclare
