4125 6300
805 1584 995 1653 ΟΑΡΗΤ
1030 1585 1357 1653 SECUNDUM.

480 1786 658 1864 Antequam
686 1790 725 1848 de
752 1791 831 1865 ipsis
858 1791 1001 1849 fontibus
1029 1808 1179 1867 agemuS,
1211 1790 1348 1849 fortasse
1376 1762 1449 1848 ere
1470 1791 1529 1848 erit
1550 1790 1721 1849 lectoribus

440 1898 579 1956 breviter
605 1898 638 1956 in
667 1899 851 1957 memoriam
880 1899 1038 1973 redigere,
1070 1898 1229 1972 quomodo
1252 1898 1361 1957 Cicero
1382 1898 1421 1956 de
1442 1897 1637 1956 divinatione
1658 1897 1721 1955 dis·

441 1988 559 2080 putans
586 2006 619 2063 in
647 2006 728 2065 libro
756 2008 858 2081 primo
886 2006 1005 2074 Quinto
1032 2005 1125 2064 fratri
1153 2005 1250 2063 huius
1277 2005 1355 2063 artis
1377 2004 1594 2063 defendendae
1615 2008 1722 2079 partes

442 2113 604 2187 tribuerit,
627 2114 659 2171 in
682 2114 822 2172 secundo
842 2114 911 2188 ipse
931 2130 1001 2171 eam
1022 2111 1270 2187 impugnaverit.

362 2215 429 2294 §h
480 2220 549 2278 Iam
571 2238 798 2295 percurramus
818 2220 936 2278 librum
958 2220 1141 2294 primum.
1175 2218 1336 2293 Expositis
1359 2219 1550 2292 populorum
1573 2221 1602 2276 et
1624 2218 1723 2292 philo-

406 2359 408 2363 ·
443 2328 617 2401 sophorum
649 2327 877 2386 nonnullorum
908 2327 947 2385 de
978 2326 1184 2384 divinationis
1214 2325 1348 2383 veritate
1376 2326 1540 2383 sententiis
1568 2342 1725 2400 personae

442 2434 558 2509 dialogi
586 2434 784 2492 inducuntur
812 2435 941 2492 Marcus
968 2436 998 2491 et
1025 2432 1165 2501 Quintus
1194 2433 1226 2489 in
1256 2432 1439 2490 Tusculano
1466 2432 1660 2490 disserentes
1686 2431 1726 2489 de

443 2540 647 2599 divinatione.
678 2542 927 2616 Distinguuntur
947 2540 1030 2598 duae
1051 2540 1278 2597 divinationes:
1301 2538 1540 2597 artificiosa
1562 2541 1592 2596 et
1613 2541 1725 2596 natu·

444 2645 563 2720 ralis,
587 2665 725 2721 quarum
743 2647 841 2705 altera
860 2646 1137 2705 animadversione
1152 2648 1182 2703 et
1200 2644 1381 2705 coniectura
1398 2644 1511 2702 nititur
1527 2644 1726 2719 pertinetque

444 2754 485 2811 ad
512 2757 584 2812 exta
613 2754 748 2829 auguria
777 2754 981 2829 astrologiam
1010 2756 1130 2827 sortes,
1161 2753 1277 2825 altera,
1310 2768 1392 2825 quae
1420 2751 1544 2809 somnia
1566 2754 1596 2809 et
1618 2750 1726 2809 vatici·

445 2860 589 2919 nationes
611 2861 825 2936 amplectitur,
853 2853 1061 2936 concitatione
1082 2859 1221 2931 quadam
1243 2858 1340 2916 animi
1362 2860 1417 2915 aut
1440 2856 1544 2916 soluto
1564 2858 1727 2931 liberoque

446 2970 533 3026 motu
562 2985 628 3025 rem
656 2967 731 3043 agit.
762 2967 800 3025 In
827 2967 945 3041 quibus
971 2968 1078 3041 potius
1100 2966 1177 3040 quid
1199 2966 1256 3024 liat
1279 2965 1459 3041 rogandum
1480 2968 1528 3023 est
1550 2982 1647 3039 quam
1670 2981 1727 3023 cur

445 3074 503 3132 fiat
533 3074 561 3149 (l
591 3072 635 3152 ἐξ
666 3071 789 3149 1-23).
819 3074 928 3147 Neque
956 3074 983 3131 si
1012 3072 1111 3131 multa
1141 3072 1248 3130 minus
1277 3072 1444 3147 eveniunt,
1476 3072 1546 3129 ideo
1574 3071 1728 3129 divinatio

447 3181 627 3257 spernenda
661 3184 724 3256 est,
765 3182 916 3255 quoniam
952 3197 1087 3254 prorsus
1118 3180 1202 3237 idem
1233 3179 1270 3237 iit
1301 3178 1370 3237 aliis
1401 3179 1434 3236 in
1466 3178 1606 3252 artibus,
1646 3195 1728 3252 quae

447 3288 627 3347 coniectura
656 3288 817 3346 nituntur:
847 3304 942 3362 saepe
968 3287 1051 3344 enim
1081 3286 1225 3344 homines
1254 3286 1320 3345 falli
1349 3303 1406 3344 nec
1434 3287 1540 3344 tamen
1570 3302 1624 3344 eas
1646 3285 1729 3343 hanc

447 3396 488 3453 ob
520 3413 585 3453 rem
618 3395 736 3469 sperni,
771 3394 872 3452 Maior
903 3411 979 3468 pars
1007 3397 1195 3451 eventorum
1223 3392 1450 3450 divinationem
1479 3391 1608 3466 probat,
1643 3391 1728 3465 quod

448 3519 541 3560 nemo
569 3502 713 3577 negabit,
744 3502 800 3576 qui
828 3501 978 3559 historiae
1001 3501 1152 3574 antiquae
1173 3499 1294 3574 peritus
1316 3495 1364 3557 est
1389 3497 1448 3575 (§§
1471 3497 1615 3573 24-33).
1647 3499 1729 3556 Tum

448 3609 554 3667 denuo
576 3609 684 3668 Cicero
704 3608 787 3666 idem
808 3608 977 3667 discrimen
1000 3607 1139 3665 breviter
1160 3608 1277 3681 tangit,
1302 3606 1387 3679 quod
1409 3606 1473 3664 iam
1495 3622 1594 3681 supra
1617 3603 1652 3681 (ἓ
1677 3603 1727 3680 11)

448 3717 538 3798 inter¹
562 3715 766 3774 artificiosam
797 3715 1039 3788 naturalemque
1070 3713 1297 3771 divinationem
1330 3708 1450 3771 statuit.
1485 3712 1526 3770 Et
1556 3729 1629 3770 cum
1657 3714 1730 3770 ante

450 3826 596 3882 cuncta
624 3823 776 3881 divinatio
803 3825 993 3880 tractaretur
1017 3818 1077 3898 (§§
1102 3819 1231 3895 1—33),
1263 3837 1349 3878 nunc
1370 3820 1510 3894 primum
1532 3819 1571 3877 de
1592 3818 1730 3876 naturali

452 3929 511 4008 (ἐξ
534 3928 682 4006 34-72),
713 3930 827 3989 deinde
854 3930 893 3987 de
921 3928 1092 3987 artificiosa
1123 3925 1182 4004 (ἐξ
1211 3924 1342 4002 72-80)
1366 3927 1440 4001 agit.
1473 3926 1618 3999 Cumque
1639 3928 1730 3984 natu·

451 4039 549 4096 ralem
578 4037 805 4095 divinationem
834 4053 942 4094 veram
968 4052 1039 4093 esse
1062 4033 1205 4108 Cratippi
1227 4033 1349 4091 ratione
1372 4030 1407 4108 (ἓ
1432 4029 1482 4108 71)
1506 4032 1727 4105 concludatur,

451 4145 623 4204 artificiosa
660 4162 722 4202 non
760 4145 882 4202 ratione
917 4141 1074 4218 singulari
1110 4143 1259 4214 ornatur,
1300 4139 1355 4198 sed
1390 4156 1456 4197 una
1491 4156 1563 4197 cum
1594 4137 1732 4196 naturali

452 4252 574 4310 ratione
602 4251 774 4326 Chrysippi
803 4249 951 4324 Diogenis
975 4246 1134 4322 Antipatri
1156 4245 1365 4304 confirmatur
1389 4243 1447 4322 (ἐξ
1470 4244 1508 4303 82
1524 4243 1618 4319 -83),
1651 4261 1733 4318 quac

453 4359 533 4418 ratio
559 4359 622 4416 iam
648 4357 789 4429 ,breviter
818 4373 916 4431 supra
941 4353 976 4431 (ἓ
1001 4352 1052 4428 10)
1075 4352 1213 4411 indicata
1235 4359 1303 4410 erat
1314 4349 1350 4428 1).
1383 4351 1502 4409 Deinde
1523 4351 1629 4410 omnia
1651 4367 1733 4424 quae

452 4467 534 4526 dicta
557 4468 648 4539 sunt,
673 4464 783 4539 paucis
806 4463 911 4520 verbis
934 4462 1043 4522 Cicero
1064 4461 1175 4534 repetit
1198 4457 1257 4536 (ἐξ
1274 4455 1406 4534 84-86)
1430 4460 1459 4515 et
1481 4459 1620 4531 quodam
1639 4457 1733 4515 modo

453 4576 595 4649 perorat,
620 4572 713 4645 quasi
733 4570 831 4628 finem
852 4569 1060 4644 disputationi
1080 4567 1291 4642 impositurus
1313 4565 1353 4623 sit
1377 4564 1429 4640 (cf.
1451 4561 1539 4640 quid
1557 4565 1605 4624 est
1623 4561 1734 4641 c'pc'tur

453 4677 543 4756 cet),
569 4679 624 4738 sed
648 4677 667 4754 ξ
686 4677 725 4736 87
746 4677 852 4735 denuo
872 4673 966 4752 (quie
983 4675 1032 4734 est
1049 4675 1165 4733 autem
1185 4689 1286 4749 quem
1304 4688 1376 4730 ooo
1395 4671 1548 4730 moueat.
1565 4715 1572 4728 .
1588 4715 1618 4729 ..
1644 4668 1733 4729 uoti-

455 4783 606 4865 quitas?)
627 4786 666 4843 de
683 4783 834 4842 historiae
849 4783 1000 4856 exemplis
1016 4798 1150 4840 narrare
1165 4780 1289 4854 incipit:
1307 4797 1382 4838 nam
1400 4778 1588 4852 antiquitate
1606 4776 1640 4854 (ξ
1658 4775 1732 4852 87ὂ)

454 4899 484 4954 et
504 4894 581 4952 locis
602 4891 789 4951 divinationi
810 4889 1000 4964 opportunis
1024 4886 1059 4964 (ξ
1079 4887 1131 4963 93)
1155 4891 1250 4961 atque
1271 4890 1402 4961 optuma
1425 4902 1552 4960 quaque
1574 4884 1735 4958 republica

456 5000 491 5078 (ἓ
514 4997 582 5075 95),
608 4999 662 5057 ubi
684 4997 826 5072 auspicia
848 4999 1015 5069 ceteraque
1036 4994 1202 5052 divinandi
1224 5010 1340 5068 genera
1363 4993 1550 5066 valuerunt,
1582 4991 1735 5050 divinatio

490 5267 513 5334 ι)
550 5274 630 5330 ..„ut
649 5273 672 5316 et
690 5266 712 5315 si
731 5264 854 5314 diuinatio
872 5263 917 5326 cit,
937 5262 965 5311 dt
983 5262 1033 5311 sint
1052 5268 1075 5310 et
1092 5261 1115 5310 oi
1133 5261 1161 5310 dt
1179 5260 1241 5323 siret,
1260 5260 1292 5308 su
1311 5256 1459 5308 divinatio.''
