4125 6300
1003 781 1041 841 69

222 964 525 1046 55‚112:icmqae
553 965 646 1028 mori
673 983 803 1045 mayoc
929 966 1012 1028 atreo
1040 966 1151 1029 videte
1177 1000 1217 1011 -
1244 967 1352 1027 fr.·VI
1380 968 1551 1028 Alexandri
1577 970 1663 1045 apud

287 1128 289 1133 ,
382 1074 475 1133 Ribb.
506 1073 643 1133 Eosdem
672 1090 787 1133 versus
816 1074 990 1149 pluresque
1010 1092 1050 1133 ex
1070 1073 1180 1134 eodem
1202 1075 1270 1134 loco
1291 1074 1462 1134 Alexandri
1482 1076 1664 1152 tragoediae

382 1181 492 1241 Cicero
518 1181 629 1240 laudat
650 1182 665 1239 Ι
690 1179 709 1257 §
732 1180 770 1240 67
791 1178 933 1258 iamque
960 1180 1053 1241 muri
1074 1198 1203 1259 mayoc
1225 1179 1345 1241 classis
1367 1179 1436 1242 cito
1473 1182 1478 1258 l
1518 1180 1663 1255 territum·

382 1286 524 1349 mittum
545 1304 683 1348 momen
704 1285 819 1365 rapit:
858 1287 862 1364 l
901 1286 1076 1363 adveniet,
1101 1280 1176 1348 fera
1189 1286 1454 1349 veiiootoetibas
1483 1287 1487 1365 l
1516 1286 1663 1351 novibus

381 1393 553 1473 conplecti
573 1412 700 1456 manus
721 1393 829 1455 litora
849 1398 879 1454 et
902 1393 922 1473 ἓ
944 1395 1000 1453 114
1023 1394 1106 1455 elaea
1123 1392 1254 1455 videte!
1282 1392 1287 1472 Ι
1315 1392 1488 1455 iudicabit
1501 1393 1662 1456 inclitum

381 1500 553 1563 iodicium
584 1500 676 1562 ieter
708 1500 790 1563 deos
822 1499 886 1561 tris
914 1498 1047 1578 aliquis
1085 1502 1089 1577 Ι
1129 1518 1198 1579 quo
1226 1498 1359 1562 iudicio
1388 1500 1663 1563 Lacedaemonio

381 1607 522 1686 mulier,
546 1608 722 1671 tumorum
743 1626 833 1685 uno,
858 1606 1026 1669 adveniet.

221 1790 362 1865 55,113:
382 1777 562 1857 Apollinis
583 1777 713 1857 opertis
732 1811 772 1822 -
793 1778 866 1839 vido
886 1778 928 1839 ad
948 1778 965 1837 I
988 1776 1008 1856 ὅ
1032 1778 1100 1839 115.

177 2030 180 2037 Ι
220 1958 273 2033 56,
289 1958 360 2018 115:
385 1946 528 2009 Croesus
547 1992 554 2007 .
570 1993 578 2007 .
593 1992 624 2007 ..
648 1945 718 2015 vim
737 1980 776 1990 -
793 1948 833 2007 ci.
854 1946 944 2008 Suid.
965 1964 991 2006 5.
1003 1964 1033 2006 v.
1054 1943 1174 2017 Λοξίας
1191 1946 1260 2006 ubi:
1282 1943 1421 2025 Κροῖσος
1433 1944 1531 2008 Ἅλυν
1549 1946 1662 2027 διαβὰς

378 2052 519 2134 μεγάλην
540 2052 642 2134 ἀρχὴν
663 2052 837 2131 καταλύσει.

220 2233 360 2309 56,115;
379 2221 478 2285 venio
490 2222 539 2301 (o)
563 2222 688 2284 Sancte
709 2221 837 2300 Apollo
848 2221 997 2283 —eeeio
1011 2256 1051 2266 —
1067 2221 1111 2299 Ο,
1136 2224 1260 2283 ABVH.
1276 2224 1368 2283 Ribb.
1383 2225 1423 2283 ir.
1437 2225 1515 2302 VII,
1540 2243 1589 2285 vs.
1606 2225 1657 2301 18,

378 2348 418 2390 ex
445 2331 564 2391 incerta
591 2331 704 2390 incerti
732 2330 851 2389 fabula.
880 2328 986 2391 Varro
1013 2330 1055 2397 de
1078 2331 1099 2390 l.
1123 2331 1143 2390 1.
1167 2331 1211 2389 VI
1233 2348 1263 2406 p.
1289 2331 1327 2391 68
1356 2332 1418 2407 „Io
1438 2330 1554 2391 bucco!
1580 2331 1660 2401 Quis

378 2455 429 2496 me
449 2435 585 2497 iubilati
607 2436 737 2497 Vicinus
759 2440 836 2496 tuus
857 2434 1050 2511 antiquus.''
1076 2436 1252 2514 (Lucienus
1271 2438 1457 2497 Muellerus:
1480 2439 1659 2514 „antiquus

377 2541 496 2618 tuus,''
518 2545 555 2602 ut
575 2544 757 2604 tetrameter
777 2544 958 2603 trochaicus
978 2541 1138 2620 exsistat.)
1164 2543 1198 2604 si
1219 2541 1277 2603 Io!
1299 2547 1389 2604 extra
1404 2548 1542 2604 metrum
1555 2547 1656 2621 leges,

377 2651 509 2710 habebis
541 2652 623 2710 idem
655 2651 742 2726 quod
774 2649 860 2726 apud
893 2650 1093 2726 Ciceronem,
1129 2652 1156 2710 si
1185 2669 1204 2710 o
1232 2654 1322 2711 extra
1351 2655 1488 2711 metrum
1509 2656 1655 2728 ponetur.

367 2758 442 2818 ¹Sed
470 2760 530 2817 hoc
556 2760 625 2818 loco
654 2776 674 2846 ⁰.
701 2776 741 2817 ex
765 2758 980 2847 dittographia
1001 2759 1108 2816 ortum
1130 2758 1323 2832 quantocius
1344 2759 1515 2818 delendum
1536 2763 1598 2835 est,
1623 2763 1658 2818 ut

377 2865 525 2941 graviore
546 2882 625 2924 sono
645 2865 786 2925 trochaei
807 2865 916 2924 canori
937 2864 1063 2923 initium
1086 2881 1200 2923 versus
1221 2865 1354 2925 iaciant:

658 2997 783 3060 scaete
803 2996 948 3075 Apollo,
974 2996 1037 3076 qui
1057 2995 1262 3059 imbiticum
1283 3001 1340 3059 cet.

217 3181 357 3256 56,116;
377 3168 505 3248 Apollo
526 3189 643 3233 versam
663 3171 773 3233 iacere
794 3169 944 3233 desierat
965 3205 1003 3214 —
1025 3172 1065 3232 cf.
1090 3173 1210 3232 Lucan.
1236 3172 1380 3231 Pharsal.
1405 3172 1431 3230 V
1453 3173 1508 3231 111
1532 3189 1601 3247 sqq.

1004 3306 1075 3365 Non
1096 3305 1161 3365 ulla
1184 3306 1311 3365 saecula
1333 3305 1417 3364 dono

536 3412 652 3471 Nostra
673 3412 782 3471 carent
802 3411 922 3471 maiore
943 3412 1055 3487 deum,
1080 3429 1178 3487 quam
1200 3411 1350 3487 Delphica
1372 3412 1462 3470 sedes

536 3517 629 3587 Quod
650 3519 753 3595 siluit,
778 3521 949 3595 postquam
971 3536 1063 3596 reges
1074 3516 1100 3595 1)
1123 3519 1258 3578 timuere
1278 3519 1388 3578 lutura

534 3626 576 3685 Et
597 3643 732 3703 superos
754 3629 883 3686 vetuere
903 3627 1000 3701 loqui.

215 3807 355 3882 57,118;
375 3791 563 3872 φιλιππίζειν
593 3795 679 3870 apud
713 3794 874 3854 Demosth.
909 3811 974 3854 non
1005 3793 1153 3870 obvium,
1188 3794 1244 3854 sed
1276 3794 1362 3869 apud
1390 3794 1536 3854 Aeschin.
1569 3795 1652 3854 Gtes,

375 3919 405 3977 p.
430 3901 531 3961 5201.
556 3904 586 3961 et
608 3903 690 3961 Plut.
716 3904 803 3961 Dem.
829 3920 855 3961 c.
880 3901 935 3977 20,
960 3902 1037 3961 Min.
1062 3903 1125 3962 Fel.
1151 3920 1176 3961 o.
1202 3901 1249 3961 26.

214 4076 267 4134 57:
283 4075 353 4135 118:
376 4051 516 4130 quidvis
536 4051 641 4113 maile
660 4052 823 4114 videretur
844 4070 914 4114 esse
935 4069 1043 4131 quom
1064 4070 1099 4113 se
1118 4071 1190 4113 ooo
1213 4051 1402 4129 ineptos-
1423 4054 1444 4111 i.
1459 4071 1486 4112 e.
1505 4055 1654 4112 videntur

375 4160 467 4219 malle
495 4178 530 4220 se
558 4161 687 4236 quidvis
713 4162 800 4221 aliud
821 4178 1009 4236 essequam
1032 4178 1068 4220 se
1089 4178 1153 4220 non
1174 4161 1299 4235 ineptos
1320 4177 1399 4219 esse.
1426 4160 1534 4220 Cicero
1555 4161 1654 4236 philo-

375 4268 493 4343 sophos
516 4268 755 4343 superstitiosos
777 4286 842 4327 non
864 4269 926 4328 nisi
947 4270 1094 4328 consulto
1114 4270 1181 4328 tam
1202 4270 1328 4327 tenaces
1343 4268 1388 4326 rei
1403 4267 1654 4328 absurdissimae

374 4391 445 4434 esse
466 4391 561 4450 posse
580 4374 665 4434 dicit.

102 4562 103 4571 ι
213 4547 354 4623 58,119:
374 4523 467 4585 cittii
487 4526 559 4585 tum
581 4522 731 4586 absurde
752 4522 823 4586 dici
837 4527 956 4602 potest
977 4525 1073 4603 quod
1094 4543 1165 4586 aon
1185 4523 1325 4586 dicatur
1342 4524 1386 4585 ab
1405 4524 1525 4603 atiquo
1538 4524 1620 4603 phil
1642 4559 1653 4570 -

373 4631 573 4709 sophorum.
609 4666 648 4674 —
679 4633 749 4692 Iam
781 4633 882 4692 Varro
917 4633 983 4693 Sat.
1017 4635 1114 4708 Mem,
1153 4634 1247 4692 Eum.
1282 4649 1330 4691 vs,
1360 4633 1417 4691 122
1452 4631 1652 4710 (Biicheler):

374 4742 561 4816 „postremo
588 4757 681 4799 nemo
709 4742 860 4816 aegrotus
889 4740 1062 4815 quicquam
1091 4740 1228 4799 somniat
1255 4742 1321 4799 tam
1349 4739 1535 4815 infandum,
1566 4742 1651 4814 quod

373 4864 438 4906 non
470 4847 585 4921 aliquis
616 4847 700 4906 dicat
731 4845 979 4923 philosophus’'.
1014 4847 1197 4908 Ciceronem
1230 4849 1260 4906 et
1291 4847 1466 4906 Varronem
1495 4846 1652 4906 Graecum

372 4955 553 5013 trimetrum
575 4952 751 5013 reddidisse
772 4955 840 5014 veri
861 4955 962 5014 simile
982 4956 1040 5014 est.

407 5165 429 5233 1)
467 5166 555 5230 „Nero
572 5167 658 5234 inquit
677 5167 832 5219 scholiastes
850 5167 925 5218 Voss.
940 5166 984 5218 sed
999 5166 1051 5217 iam
1066 5167 1219 5218 Plutarchus
1232 5166 1334 5234 quaerit
1346 5183 1392 5217 cur
1404 5166 1522 5218 desinant
1535 5167 1650 5232 oracula,

371 5255 398 5306 in
418 5255 503 5307 libello
521 5255 554 5307 de
572 5255 672 5308 defectu
691 5255 891 5308 Oraculorumr’
913 5285 943 5294 -
964 5255 1142 5307 Franckenius
1161 5256 1187 5306 in
1207 5255 1246 5307 ed.
1267 5255 1299 5306 sd
1317 5255 1342 5306 h.
1354 5256 1370 5306 l.
