4125 6300
1045 780 1081 840 12

466 965 520 1039 57,
547 963 614 1023 131.
660 963 937 1027 Democritus
969 969 1085 1028 cutem
1118 971 1227 1030 cermel
1375 973 1415 1031 ut
1445 970 1504 1031 illc
1534 971 1708 1032 Pacuui·

506 1072 919 1150 onus....poystms.

466 1176 520 1253 58,
546 1177 613 1237 132.
659 1180 764 1255 atquc
783 1179 866 1240 bueo
888 1179 1029 1257 quidem
1050 1180 1084 1241 Ε
1089 1181 1166 1242 urci
1173 1201 1231 1244 us.

333 1334 354 1413 §
379 1334 414 1395 4.
466 1339 517 1397 De
537 1338 725 1398 fontibus
747 1358 765 1399 a
788 1340 984 1401 Cicerone
1004 1344 1044 1400 in
1066 1344 1086 1401 l.
1111 1344 1128 1407 l
1148 1344 1343 1403 laudatis.

467 1480 501 1539 si
522 1482 683 1557 copiosam
703 1484 948 1560 expositionem,
973 1503 1056 1561 quae
1076 1486 1178 1561 capite
1199 1487 1290 1545 tertio
1309 1487 1383 1545 libri
1401 1488 1496 1562 primi
1514 1488 1703 1563 continetur,

426 1588 556 1647 missam
585 1590 737 1667 facimus,
768 1592 823 1650 ubi
848 1592 956 1653 Cicero
978 1593 1107 1652 disserit
1128 1593 1205 1667 quid
1227 1593 1345 1669 singuli
1367 1594 1548 1668 philosophi
1569 1595 1608 1652 de
1629 1594 1706 1652 divi·

425 1695 553 1754 natione
584 1699 757 1774 senserint,
792 1700 874 1758 inter
908 1699 1087 1774 Stoicos,
1122 1717 1204 1775 quos
1235 1700 1303 1775 ipse
1335 1701 1471 1775 scriptor
1500 1704 1644 1781 secutum
1674 1717 1708 1758 se

391 1802 397 1814 ’
425 1820 495 1861 csse
516 1803 566 1861 bis
588 1806 747 1880 significat
758 1805 799 1881 1),
825 1808 1022 1866 Boethum
1044 1807 1200 1882 imprimis
1223 1807 1382 1865 nominari
1404 1808 1703 1882 animadvertimus,

425 1909 479 1982 qui
508 1910 627 1984 aliquid
655 1912 718 1987 egit
746 1916 782 1971 ut
810 1930 921 1972 earum
944 1914 1099 1973 rationem
1121 1931 1228 1972 rerum
1250 1914 1437 1989 explicaret,
1469 1914 1604 1987 quaein
1626 1914 1707 1973 mari

425 2017 550 2075 caelove
576 2017 689 2077 fierent
712 2018 761 2096 (8,
788 2018 849 2095 13).
882 2021 1106 2097 Chrysippi
1128 2038 1244 2079 nomen
1266 2024 1314 2079 ter
1335 2014 1490 2096 occurrit,
1522 2040 1580 2081 nec
1600 2025 1706 2080 tamen

424 2121 466 2181 ita
501 2127 537 2181 ut
567 2124 636 2199 ipse
667 2125 790 2184 Tullius
821 2127 890 2185 eius
921 2128 1101 2203 philosophi
1133 2146 1229 2203 opera
1261 2129 1440 2203 inspexisse
1472 2129 1578 2203 potius
1609 2146 1707 2203 quam

425 2229 596 2306 Chrysippi
623 2233 737 2307 placita
766 2234 851 2308 apud
879 2234 977 2293 alium
1006 2238 1167 2294 auctorem
1195 2236 1311 2311 legisse
1339 2236 1495 2294 videatur.
1530 2236 1611 2294 Nam
1634 2253 1706 2294 cum

423 2337 667 2398 innumerabilia
695 2340 824 2400 oracula
852 2342 1016 2417 collegisse
1044 2342 1168 2401 dicatur
1198 2341 1264 2421 (19,
1295 2341 1347 2418 37)
1378 2360 1481 2417 neque
1509 2344 1609 2401 ullum
1639 2343 1708 2403 sinc

424 2445 578 2519 locuplete
609 2451 737 2506 auctore
767 2451 863 2522 atque
893 2451 988 2525 teste,
1023 2467 1074 2508 ea·
1088 2450 1163 2524 quia
1193 2454 1268 2509 nota
1297 2452 1378 2526 sint,
1414 2451 1523 2511 Cicero
1551 2451 1706 2519 Quintum

425 2553 556 2611 fratrem
588 2554 818 2628 relinquentem
850 2556 934 2615 iacit.
970 2557 1090 2615 Eodem
1119 2557 1213 2616 modo
1243 2557 1312 2633 (20,
1343 2557 1395 2633 39)
1426 2559 1547 2616 somnia
1578 2538 1706 2632 quidem

426 2660 526 2718 multa
554 2660 770 2736 Chrysippum
799 2665 829 2720 et
856 2662 1119 2738 Antipatrum
1146 2665 1310 2739 collegisse
1331 2664 1471 2733 Quintus
1492 2668 1619 2739 narrat,
1651 2665 1707 2723 sed

427 2767 607 2842 Chrysippo
629 2767 705 2826 vitio
726 2769 796 2843 dat,
821 2771 907 2843 quod
929 2788 992 2828 non
1014 2772 1167 2845 exemplis
1186 2772 1413 2846 grandioribus
1429 2789 1511 2830 usus
1527 2772 1581 2847 sit,
1607 2789 1722 2846 quare·

425 2873 457 2930 in
479 2874 517 2931 iis
539 2891 622 2947 quac
643 2878 823 2949 sequuntur
844 2878 885 2935 ad
907 2877 1030 2934 Philisti
1052 2877 1202 2935 historias
1223 2878 1348 2937 transit.
1374 2878 1488 2952 Itaque
1509 2878 1560 2937 hic
1579 2895 1707 2952 quoque

426 2998 541 3038 nomen
564 2981 734 3057 Chrysippi
756 2984 908 3058 occurrit,
932 3000 1129 3057 quamquam
1151 2984 1220 3041 eius
1242 3001 1336 3059 opere
1357 3002 1453 3043 usum
1475 3002 1546 3043 esse
1567 2985 1705 3043 Tullium

426 3105 489 3145 non
518 3092 659 3163 apparet.
691 3089 796 3148 Tertio
823 3091 891 3149 loco
921 3089 989 3166 (39,
1018 3088 1071 3165 84)
1102 3090 1303 3167 Chrysippus
1332 3109 1397 3152 una
1426 3109 1499 3152 cum
1528 3092 1707 3168 Diogene

425 3193 454 3252 ei
486 3195 652 3269 Antipatro
682 3213 721 3254 ex
752 3213 788 3254 eo
819 3197 905 3270 quod
937 3197 969 3254 di
1001 3200 1093 3273 sunt,
1132 3198 1360 3257 divinationem
1392 3200 1547 3274 probasse
1577 3199 1702 3258 dicitur.

426 3301 545 3359 Deinde
573 3302 799 3360 attendendum
828 3305 877 3361 est
899 3304 1102 3378 Antipatrum
1124 3304 1229 3362 denuo
1253 3306 1321 3381 (54,
1347 3303 1418 3381 123)
1441 3306 1541 3364 multa
1563 3306 1705 3380 exempla

425 3408 589 3484 collegisse
614 3408 691 3483 dici,
722 3410 895 3483 inquibus
919 3410 1066 3469 Socrates
1088 3413 1171 3468 recte
1192 3412 1417 3486 divinavisset,
1449 3413 1578 3471 adiectis
1599 3416 1705 3472 tamen

427 3515 532 3573 verbis
560 3533 669 3590 „quae
696 3515 983 3590 praetermittam.''
1015 3517 1095 3576 Cum
1125 3519 1231 3574 autem
1259 3516 1292 3573 in
1315 3515 1455 3573 secundo
1476 3532 1604 3589 quoque
1625 3515 1706 3574 libro

424 3621 589 3696 Antipater
608 3624 736 3681 nonnisi
753 3641 825 3682 cum
845 3624 1025 3699 Chrysippo
1044 3624 1239 3696 nominetur,
1263 3621 1435 3680 admodum
1455 3623 1521 3680 veri
1540 3622 1640 3680 simile
1658 3626 1706 3684 est

424 3730 483 3788 hos
505 3730 586 3788 duos
608 3730 647 3788 de
667 3730 862 3788 divinatione
882 3730 964 3788 idem
987 3731 1137 3789 sensisse.
1161 3731 1278 3788 Verum
1300 3745 1339 3786 ex
1361 3729 1534 3804 Chrysippi
1555 3719 1719 3804 Diogenis

424 3837 582 3911 Antipatri
600 3837 689 3894 libris
709 3836 755 3912 (3,
774 3835 805 3911 6)
823 3837 1005 3896 Ciceronem
1020 3840 1209 3913 argumenta
1225 3854 1283 3894 sua
1298 3837 1416 3911 petisse
1431 3853 1592 3910 nusquam
1607 3839 1701 3911 patet.

465 3945 503 4002 At
532 3933 782 4002 Posiddnius
813 3943 938 4003 Stoicus
966 3945 998 4002 in
1028 3945 1110 4003 libro
1138 3945 1241 4019 primo
1270 3947 1317 4001 ter
1344 3943 1530 4002 nominatim
1552 3944 1702 4018 affertur,

424 4051 520 4124 idque
550 4051 593 4108 ita
625 4053 661 4108 ut
691 4051 759 4108 eius
790 4050 880 4109 libris
912 4052 989 4125 quin
1021 4052 1091 4126 ipse
1124 4051 1232 4110 Cicero
1263 4067 1343 4108 usus
1373 4051 1429 4124 sit,
1465 4050 1612 4108 dubitare
1640 4068 1704 4108 non

425 4159 596 4232 possimus.
632 4159 746 4216 Utrum
777 4161 883 4216 autem
914 4161 1016 4217 totum
1049 4158 1166 4216 librum
1198 4159 1338 4233 primum
1370 4175 1411 4217 au
1441 4161 1563 4232 partem
1591 4159 1660 4216 eius
1688 4176 1705 4216 e

425 4266 568 4339 quinque
588 4265 677 4322 libris
698 4262 769 4341 περὶ
789 4269 942 4343 μαντικῆς
951 4263 978 4339 2)
1003 4264 1052 4340 (3,
1078 4263 1109 4339 6)
1133 4265 1292 4340 hauserit,
1317 4265 1436 4323 dehac
1458 4282 1492 4323 re
1509 4282 1583 4323 mox
1601 4282 1705 4323 sermo

424 4373 497 4430 erit:
521 4389 607 4430 nunc
627 4371 667 4430 de
687 4372 748 4430 illis
769 4371 856 4431 locis.
881 4372 950 4430 Iam
973 4389 1048 4430 vero
1069 4371 1121 4446 30,
1144 4372 1181 4431 64
1201 4373 1379 4446 exemplum
1396 4372 1481 4446 apud
1498 4369 1704 4430 Posidonium

424 4479 556 4537 obvium
576 4479 740 4554 laudatur,
766 4479 851 4537 unde
872 4481 1024 4553 appareat
1041 4479 1185 4536 homines
1202 4479 1297 4553 paulo
1312 4468 1385 4536 ante
1400 4481 1533 4536 mortem
1548 4479 1701 4537 divinare,

328 4578 330 4585 ’
425 4587 462 4644 In
499 4585 673 4660 posteriore
708 4603 783 4644 vero
814 4586 908 4660 primi
939 4585 1011 4643 libri
1044 4588 1133 4660 parte
1163 4585 1293 4643 omnino
1325 4585 1485 4643 Posidonii
1518 4585 1705 4644 auctoritate

424 4741 637 4748 .--—.—-

460 4825 481 4885 ll
518 4824 815 4892 Cf.1§10;11§8,

459 4915 480 4984 2)
517 4916 592 4978 Diog.
613 4915 698 4965 Laert.
718 4915 773 4965 Vll
802 4915 851 4967 149
874 4917 920 4970 καὶ
941 4917 995 4985 μὴν
1018 4917 1065 4969 καὶ
1087 4917 1217 4984 μαντικὴν
1234 4917 1377 4984 ὑφεστάναι
1394 4918 1481 4969 πᾶσάν
1499 4937 1595 4984 φασιν,
1617 4919 1704 4970 εἶκαὶ

423 5005 549 5068 πρόνοιαν
565 5000 643 5053 εἶναι·
662 5001 707 5053 καὶ
725 5001 808 5068 αὐτὴν
824 5002 870 5054 καὶ
885 5002 978 5069 τέχνην
991 5003 1169 5068 ἀποφαίνουσι
1184 5002 1227 5054 διά
1243 5023 1311 5060 τινας
1321 5002 1456 5069 ἐκβάσεις,
1475 5003 1512 5059 ὥς
1522 5022 1593 5068 Ιφησι
1608 5002 1704 5069 Ζήνων

424 5110 450 5140 τε
474 5088 520 5141 καὶ
543 5088 699 5153 Χρύσιππος
721 5088 749 5139 ἑν
773 5096 809 5154 τῷ
832 5087 947 5154 δευτέρῳ
960 5087 1020 5152 περὶ
1043 5095 1172 5154 μαντικῆς
1193 5087 1238 5139 καὶ
1257 5079 1440 5153 Ἀθηνόδωρος
1461 5087 1506 5139 καὶ
1525 5088 1704 5145 Ποσειδώνιος

424 5174 451 5226 ἒν
476 5182 512 5240 τῷ
535 5172 651 5239 δευτέρῳ
665 5181 710 5224 τοῦ
735 5180 851 5239 φυσικοῦ
874 5173 952 5239 λόγου
976 5171 1021 5224 καὶ
1045 5172 1073 5223 ἐν
1090 5181 1127 5238 τῷ
1147 5171 1258 5238 πέμπτῳ
1274 5171 1334 5237 περὶ
1351 5179 1487 5238 μαντικῆς.
1507 5173 1544 5224 Cf.
1560 5174 1706 5224 Stoicorum.

425 5258 549 5309 Veterum
568 5258 713 5323 fragmenta
731 5257 818 5322 colleg.
838 5257 949 5307 loannes
968 5256 1000 5306 ab
1019 5256 1112 5305 Arnim
1133 5255 1173 5306 vol
1195 5255 1236 5318 ll,
1256 5271 1280 5320 p.
1301 5253 1352 5306 34‘2
1372 5271 1427 5320 sqq.
