4125 6300
977 784 1012 841 11

393 970 448 1045 33,
474 970 520 1029 72.
565 969 647 1030 haec
669 969 854 1047 (artificiosa
876 987 994 1045 genera
1015 968 1195 1044 divinandi)
1218 966 1465 1043 improbantur
1483 983 1506 1025 a
1523 963 1634 1025 Peri-

428 1075 662 1153 pateticis,
688 1094 710 1135 a
731 1075 897 1137 Stoicis
919 1075 1161 1136 defenduntur.

394 1183 448 1259 33,
475 1185 521 1243 72.
566 1184 606 1243 ut
637 1181 675 1242 in
707 1182 858 1244 Sullae
888 1181 1057 1259 scriptum
1088 1180 1239 1243 historia
1270 1180 1442 1255 uidemus,
1478 1178 1574 1258 00003
1606 1181 1637 1239 30

433 1288 646 1366 inspectante
665 1290 796 1350 tactum
817 1292 876 1350 est.

394 1396 449 1471 33,
475 1397 521 1456 73.
568 1395 738 1472 discessit,
764 1398 804 1456 ut
824 1394 876 1456 ait
897 1394 1138 1472 Philistus,
1164 1413 1265 1473 aepre
1285 1396 1404 1456 terens.

394 1503 449 1578 34,
475 1504 521 1562 74.
567 1504 605 1563 03
626 1504 743 1564 eodem
766 1505 917 1580 tempore
940 1502 1075 1579 Thebis,
1099 1502 1213 1564 03033
1238 1501 1544 1563 Callisthenes.

395 1610 450 1685 35,
476 1610 522 1670 78.
567 1628 736 1689 mapnum
757 1609 849 1671 illud
870 1609 992 1687 etiam,
1019 1610 1115 1688 quod
1136 1609 1280 1671 addidit
1305 1609 1488 1671 Coelius.

395 1716 449 1791 36,
476 1717 522 1776 79.
568 1718 674 1795 03000
693 1717 783 1778 hanc
798 1716 944 1795 speciem
963 1716 1128 1778 Pasiteles
1146 1715 1292 1777 caelavit
1309 1718 1454 1794 0000030
1473 1718 1505 1777 03
1522 1718 1638 1777 noster

436 1822 599 1900 capressit
619 1823 806 1885 Archias
826 1823 987 1885 uersibus.

396 1930 451 2005 37,
475 1930 523 1989 80.
568 1932 673 2008 00003
703 1930 778 1991 3300
808 1931 926 1992 furore
953 1930 1233 1991 Democritus
1262 1948 1473 2010 quemquam
1494 1933 1638 2008 poetam

436 2053 604 2114 maanum
625 2055 695 2098 esse
708 2056 813 2115 posse
834 2037 930 2116 quod
950 2036 1043 2098 idem
1066 2037 1152 2098 dicit
1175 2037 1312 2098 Plato.

396 2143 451 2219 38,
475 2144 523 2203 81.
569 2143 839 2206 Aristoteles
861 2143 1002 2223 quidem
1023 2162 1128 2205 003..
1146 2191 1153 2205 .
1168 2190 1175 2204 .
1193 2144 1349 2205 censebat
1362 2144 1485 2205 habere
1500 2143 1640 2222 aliquid

437 2250 475 2311 in
496 2250 628 2312 animis
644 2252 872 2330 praesapiens
893 2254 998 2330 atque
1020 2250 1189 2312 diuinum.

397 2358 452 2434 38,
477 2360 525 2418 82.
572 2377 679 2437 quam
708 2358 850 2437 quidem
878 2377 947 2420 esse
973 2378 1011 2420 re
1039 2377 1119 2420 cera
1146 2360 1211 2420 hac
1232 2359 1259 2420 S
1266 2358 1481 2421 laicorum
1503 2358 1641 2420 ratione

437 2464 658 2526 concluditur
678 2469 735 2526 003.

398 2572 453 2647 39,
477 2572 525 2632 84.
572 2572 650 2633 Ηο0
669 2572 808 2634 ratione
825 2575 857 2634 et
883 2572 1156 2652 Chrysippus
1177 2576 1208 2636 et
1230 2572 1447 2652 03000003
1469 2576 1500 2634 03
1523 2573 1638 2633 Anti·

432 2682 564 2757 pater
584 2679 707 2741 utitur.

399 2788 453 2863 40,
477 2787 525 2846 87.
575 2785 794 2848 Calchantem
816 2805 985 2865 aupurem
1005 2787 1126 2848 scribit
1149 2788 1361 2849 Homerus
1382 2792 1439 2848 003.

399 2893 454 2969 40,
478 2894 526 2953 88.
574 2893 788 2954 Homerus
809 2894 862 2955 ait
881 2894 995 2955 solum
1015 2912 1137 2972 sapere
1157 2899 1214 2954 cet.
1241 2894 1299 2972 (sc.
1324 2895 1506 2971 Tiresiam).

399 3001 453 3076 40,
478 3000 526 3061 83.
571 2999 724 3061 Marcios
742 3000 914 3079 quasdam
932 3001 1059 3062 tratres
1074 3048 1081 3061 .
1098 3047 1104 3061 .
1122 3048 1129 3061 .
1145 3048 1151 3061 .
1170 3000 1276 3062 tuisse
1295 3000 1509 3078 scriptum
1531 3000 1640 3060 cide-

440 3126 531 3169 mus
553 3155 582 3169 ..
599 3155 629 3169 ..
653 3125 769 3169 nonne
790 3108 1006 3170 Homerus
1026 3113 1084 3169 oct.

399 3217 455 3291 44,
479 3215 528 3275 99.
574 3215 669 3294 0003
697 3215 839 3294 quidem
866 3215 1043 3277 somnium
1070 3215 1257 3277 Sisenna
1284 3233 1361 3277 cum
1383 3214 1639 3293 disputavisset.

400 3324 455 3399 44,
480 3324 547 3384 100.
573 3323 661 3401 quid
683 3324 778 3402 quod
798 3323 843 3384 in
865 3323 1023 3384 annali
1031 3323 1109 3384 bus
1128 3317 1294 3384 habemus
1314 3328 1371 3384 cet.

400 3430 455 3506 44,
482 3430 548 3489 101.
573 3432 679 3508 03000
700 3429 805 3490 etiam
826 3429 1043 3507 seriptum
1066 3447 1087 3490 0
1109 3430 1263 3491 multis
1283 3434 1340 3490 cet.

400 3537 455 3612 46,
481 3537 548 3597 104.
574 3536 611 3597 L.
636 3536 797 3598 Flaccum
922 3554 996 3615 000
1019 3536 1191 3614 audiui,
1217 3555 1294 3598 cum
1316 3535 1442 3598 dicuat
1463 3541 1519 3596 cet.

401 3644 456 3720 47,
482 3644 548 3703 106.
573 3646 613 3704 03
633 3646 716 3704 utar
730 3643 959 3722 potissimum
982 3647 1020 3705 30
1041 3646 1231 3705 auctore.

402 3750 456 3826 48,
482 3751 548 3811 107.
575 3753 613 3811 03
634 3751 752 3828 apud
773 3750 961 3812 Ennium
983 3754 1042 3812 033.

401 3857 457 3934 49,
483 3858 550 3918 103.
569 3875 746 3935 parumne
765 3857 919 3935 Epicuro
946 3857 1158 3919 Carneadive
1177 3855 1433 3960 respondeam?

402 3965 457 4040 50,
483 3966 550 4025 113.
575 3964 695 4042 330000
716 3983 757 4025 00
774 3964 845 4026 duo
862 3983 990 4043 000000
1007 3983 1030 4025 0
1052 3963 1323 4026 Dicaearcho
1339 3963 1541 4041 probantur
1559 3965 1591 4023 et
1605 3964 1644 4022 ut

444 4070 532 4148 dici,
558 4089 579 4132 0
605 4071 818 4149 Cratippo
840 4075 970 4133 nostro.

403 4180 457 4255 52,
483 4179 550 4239 118.
574 4196 646 4239 non
661 4179 779 4256 placet
800 4178 967 4240 Stoicis
987 4177 1138 4257 sinpulis
1159 4178 1310 4239 iecorum
1331 4177 1425 4239 fissis
1446 4179 1509 4237 aut
1527 4175 1644 4236 auium

444 4285 604 4347 cantibus
625 4285 786 4347 interesse
807 4286 919 4347 deum.

403 4393 458 4469 53,
484 4393 551 4452 121.
578 4392 681 4471 quale
713 4393 928 4471 scriptum
959 4391 1052 4454 illud
1082 4391 1278 4453 uidemus
1309 4395 1365 4451 003.
1402 4390 1497 4468 quod
1526 4389 1646 4451 scribit

445 4500 796 4560 Herodotus
823 4518 912 4578 0000
932 4499 1127 4561 historia
1148 4518 1220 4560 non
1235 4497 1410 4577 prodidit.

404 4608 459 4683 54,
486 4608 551 4667 123.
576 4606 745 4684 scriptum
767 4609 816 4669 est
836 4607 919 4668 item
941 4612 997 4667 oet.

478 4712 659 4792 permulta
677 4714 817 4775 collecta
833 4716 916 4775 sunt
934 4713 978 4774 ab
1000 4713 1243 4791 Antipatro
1266 4731 1356 4790 0000
1363 4711 1646 4790 praetermittam

446 4838 535 4900 quae
556 4818 767 4882 mirabiliter
787 4839 810 4881 a
831 4820 972 4882 Socrate
993 4820 1155 4881 divinata
1175 4821 1266 4881 sunt.

405 4931 460 5005 55,
487 4929 553 4988 125.
578 4930 619 4989 03
640 4927 912 4988 Posidonius
931 4927 1025 4988 tacit.

405 5037 460 5112 57,
486 5037 554 5096 130.
577 5036 637 5097 sed
660 5038 774 5096 tamen
796 5034 835 5095 id
853 5054 990 5114 000000
1006 5034 1168 5111 rimatur,
1192 5036 1364 5112 quantum
1378 5035 1507 5111 potest,
1533 5032 1646 5094 Posi-

446 5143 616 5204 danius

485 5252 525 5311 ut
545 5249 665 5312 scribit
686 5250 898 5317 Ponticus
920 5248 1191 5310 Heraclides.
