4125 6300
1037 764 1075 825 44

302 950 337 1025 5,
361 948 395 1009 8:
416 948 591 1027 superiori
616 949 802 1029 yymneeio
823 986 861 995 —
884 953 1027 1013 Ciceroni
1053 955 1085 1012 in
1108 955 1291 1016 Tusculano
1311 959 1403 1016 erant
1424 958 1592 1033 gymnasia
1614 958 1695 1035 duo,

416 1073 555 1131 quorum
576 1059 728 1134 alterum,
752 1060 980 1145 altius5situm,
1004 1060 1205 1121 Academiam
1221 1063 1371 1140 vocabat,
1396 1065 1530 1124 alterum
1545 1066 1695 1142 inferius,

417 1165 571 1240 Lyceum;
593 1166 633 1224 ci.
658 1166 752 1226 Tusc.
776 1164 867 1242 113,
891 1166 921 1226 9.

301 1335 346 1410 5,-
360 1335 394 1395 8:
416 1332 570 1412 mturare
589 1336 757 1395 transitive
777 1354 905 1412 quoque
925 1339 1104 1411 usurpatur
1125 1336 1211 1413 apud
1235 1338 1297 1399 Cic.
1323 1338 1393 1397 Fin.
1418 1326 1506 1417 1115
1523 1339 1577 1400 67:
1600 1338 1700 1417 „Qut

416 1438 472 1501 ius
506 1440 605 1502 οἱοιίι
639 1445 869 1519 conservaret,
907 1460 984 1505 eum
1017 1442 1167 1520 iustum,
1208 1443 1270 1522 qui
1302 1442 1487 1523 trituraret,
1526 1444 1698 1508 iniustum

415 1547 532 1620 fore,·”
555 1550 594 1609 de
615 1549 712 1610 Oii.I
736 1549 825 1627 §312
848 1551 914 1627 „ut
933 1549 1077 1611 reddere
1098 1549 1310 1629 depositum,
1331 1550 1548 1629 promissum
1569 1554 1694 1631 facere,

416 1671 573 1733 quaeque
586 1654 767 1733 pertinent
782 1655 832 1717 ed
848 1654 1027 1728 ueritatem
1043 1658 1075 1717 et
1089 1656 1137 1718 ad
1150 1656 1275 1734 fidem,
1299 1676 1340 1719 eo
1354 1657 1508 1737 miqrare
1521 1658 1698 1720 interdum

415 1762 448 1822 et
468 1779 539 1822 νιονι
559 1780 710 1839 serare,
732 1762 780 1825 sit
796 1762 929 1825 iustum
934 1762 972 1836 ,·''
997 1764 1035 1823 ie
1049 1766 1146 1842 Legg.
1165 1763 1323 1843 111511:
1348 1765 1470 1843 „quod
1485 1765 1564 1845 quis
1578 1783 1698 1827 eurum

416 1886 533 1930 rerum
554 1868 750 1949 veterascit,
774 1868 899 1932 νιοιίον
914 1887 1051 1948 poenae
1065 1889 1138 1949 par
1159 1870 1269 1932 esto.''

282 2040 316 2116 6,
342 2042 394 2099 ll:
417 2047 567 2108 alterum
605 2046 695 2109 artis
724 2050 789 2125 est,
831 2047 980 2110 alterum
1011 2050 1162 2110 naturae
1192 2082 1231 2092 -
1262 2050 1374 2110 Graeci
1405 2051 1516 2111 dicunt
1545 2048 1699 2130 μαντικὴν

416 2153 558 2234 ἔντεχνον
579 2158 609 2214 et
630 2153 759 2234 ἄτεχνον
780 2156 819 2216 cf.
845 2156 959 2233 Paully
980 2174 1005 2215 S.
1020 2174 1051 2216 v.
1077 2155 1295 2232 „divinatio”

283 2327 316 2401 7,
344 2327 394 2386 12:
417 2332 586 2394 cornicem
614 2352 637 2416 ᾳ
665 2332 778 2410 loeva,
808 2350 948 2394 οοννιιννι
976 2352 999 2394 ιι
1027 2332 1166 2395 dextero
1186 2367 1224 2375 -
1246 2336 1286 2394 ci.
1314 2334 1371 2410 39,
1401 2334 1440 2395 86
1463 2333 1551 2413 quid
1572 2332 1698 2413 (babet)

415 2458 532 2519 ocyor
559 2459 620 2501 οιιν
647 2459 670 2501 ο
698 2440 819 2501 dextra
840 2458 977 2516 οοννιιε,
1009 2458 1032 2500 ιι
1052 2438 1199 2501 sinistra
1220 2438 1338 2501 cornis
1358 2440 1468 2503 faciut
1486 2443 1616 2502 rutum.
1640 2442 1695 2518 53,

418 2548 473 2606 120
503 2548 578 2607 tum
599 2565 622 2608 a
643 2547 779 2624 dextro,
812 2548 886 2607 tum
908 2564 931 2607 α
950 2545 1100 2608 sinistra
1115 2548 1221 2624 parte
1241 2549 1371 2607 coeant
1392 2546 1533 2609 oscines.
1564 2549 1698 2608 Plautus

414 2655 501 2713 Asin.
520 2655 578 2715 259
600 2673 670 2730 sqq.
693 2655 834 2731 „quovis
856 2655 1028 2713 admittunt
1043 2672 1137 2729 aves,
1163 2654 1258 2714 Picus
1272 2658 1303 2713 et
1317 2654 1428 2714 cornix
1446 2652 1519 2733 [est]
1536 2654 1578 2715 ab
1591 2655 1681 2715 laeva
1688 2701 1704 2730 „

414 2779 544 2837 corvos,
575 2780 672 2837 parra
702 2760 735 2838 (i.
759 2779 786 2821 e.
818 2778 921 2837 genus
949 2759 1070 2837 ululae)
1100 2761 1141 2820 ab
1166 2761 1296 2820 dextera
1318 2760 1562 2838 Consuadent.”
1593 2762 1699 2831 Quare

414 2887 486 2929 cum
522 2870 653 2928 sinistra
687 2869 804 2945 auguri
838 2867 1008 2927 advolabat
1043 2868 1171 2943 cornix,
1210 2886 1266 2943 per
1298 2885 1332 2927 se
1362 2869 1469 2928 fausta
1501 2869 1695 2945 habebatur,

414 2993 532 3036 corvus
554 2976 685 3035 veniens
706 2993 725 3034 a
746 2974 868 3034 dextra.
894 2975 958 3034 Oui·
975 2975 1104 3049 quidem
1126 2974 1301 3034 sententiae
1321 2975 1450 3034 obstare
1470 2976 1596 3035 videtur
1610 2976 1699 3035 locus

414 3084 465 3142 ille
491 3083 620 3160 Vergilii
647 3082 714 3142 Ecl.
745 3082 780 3158 9,
818 3082 854 3141 14
883 3081 1003 3159 „Quod
1031 3082 1094 3141 nisi
1122 3098 1172 3141 me
1199 3098 1403 3158 quacumque
1431 3100 1533 3150 novas
1561 3082 1699 3143 incidere

414 3192 485 3251 lites
506 3192 586 3250 Ante
608 3191 737 3250 sinistra
759 3207 837 3250 cava
859 3191 1037 3249 monuisset
1058 3190 1098 3249 ab
1112 3190 1182 3249 ilice
1196 3191 1323 3266 cornix,
1348 3190 1412 3250 Nec
1426 3193 1503 3250 tuus
1518 3192 1569 3251 hio
1584 3191 1698 3251 Moeris
1784 3271 1786 3276 Ι

415 3317 473 3358 nec
502 3299 621 3358 viveret
647 3298 716 3373 ipse
743 3295 948 3371 Menalcas,'’
982 3297 1039 3356 sed
1066 3297 1178 3357 cornix
1205 3297 1249 3355 ibi
1277 3296 1397 3356 malum
1426 3315 1519 3356 omen
1540 3300 1602 3374 est,
1634 3316 1697 3357 non

415 3406 491 3480 quia
519 3422 537 3464 a
565 3405 695 3463 sinistra
717 3403 831 3479 parte,
854 3404 909 3463 sed
931 3403 1018 3479 quod
1039 3404 1071 3462 in
1095 3420 1173 3462 cava
1194 3403 1263 3462 ilice
1284 3403 1399 3462 sedens
1420 3407 1543 3480 monet,
1574 3407 1610 3464 ut
1630 3405 1700 3464 iure

416 3513 551 3589 explicat
573 3512 720 3588 Ladewig
740 3512 780 3570 ad
802 3509 834 3570 h.
857 3512 878 3569 l.
902 3511 942 3570 ci.
967 3511 1134 3570 Phaedrus
1156 3510 1207 3569 III
1231 3508 1282 3586 18,
1308 3510 1355 3572 12.

285 3677 319 3752 7,
345 3676 396 3735 122
419 3685 451 3744 et
464 3682 503 3743 ι’νι
515 3681 774 3760 mendicatione
787 3683 924 3742 euentus
937 3682 1028 3740 codd.
1046 3713 1086 3722 -
1101 3680 1175 3741 eain
1189 3680 1306 3759 siquis.
1326 3681 1493 3757 Davisius,
1518 3683 1550 3742 et
1563 3679 1697 3757 eiecist-

418 3789 508 3851 eatio
525 3791 644 3850 eventu
659 3791 727 3850 coll.
746 3807 771 3848 o.
790 3789 838 3849 33.
857 3790 1082 3864 Hottingerus;
1101 3790 1133 3848 et
1148 3787 1363 3866 siyotficutio
1381 3789 1430 3848 est
1446 3787 1572 3848 eventis
1585 3788 1698 3849 Schiit-

417 3899 500 3971 zius;
530 3896 568 3957 ιἰι
587 3895 859 3973 notificatione
879 3896 998 3955 evectu
1019 3895 1130 3968 Goer.;
1161 3896 1193 3955 et
1213 3893 1427 3971 siouificatc'o
1450 3892 1575 3955 erectis
1596 3895 1646 3954 vel
1668 3896 1700 3954 et

417 4003 690 4083 modificationes
711 4002 837 4063 evertite
858 4001 931 4079 (sic)
954 4003 1117 4078 Meyerus;
1140 4001 1178 4062 ι’νι
1198 4000 1457 4079 stouistcatioue
1477 4003 1597 4063 euentu
1617 4003 1700 4062 ειινιί

417 4114 464 4171 Ιο.
482 4111 705 4186 Oannegieter3
727 4108 998 4186 munificationis
1019 4107 1138 4169 euentu
1161 4108 1276 4184 (deleto
1289 4107 1341 4185 ι’νι)
1361 4109 1516 4168 Moserus.
1542 4109 1698 4183 Equidem

419 4219 539 4278 Davisii
566 4219 796 4291 coniecturam,
829 4217 960 4292 paulum
989 4219 1162 4291 mutatam,
1197 4215 1410 4291 recipiendam
1438 4214 1520 4276 duco
1548 4219 1584 4274 ut
1611 4216 1699 4292 legas

419 4328 451 4387 et
471 4324 547 4386 eain
566 4323 823 4403 mortificatione
844 4324 990 4383 euentus.
1100 4397 1102 4402 Ι

284 4498 318 4573 7,
343 4495 395 4555 13:
418 4498 523 4574 atque
544 4494 649 4555 etiam
669 4495 815 4554 ventos.
841 4539 848 4552 .
874 4537 881 4552 .
905 4490 1065 4570 reputetis
1086 4525 1123 4534 -—
1147 4492 1240 4551 vertit
1261 4491 1394 4550 Aratum
1417 4492 1502 4550 Dios.
1530 4491 1696 4552 liv-180.

617 4630 703 4706 σῆμα
726 4626 761 4687 δέ
781 4648 826 4686 τοι
847 4624 977 4703 ἀνέμοιο
998 4623 1052 4685 καὶ
1074 4621 1254 4684 οἰδαίνονοα
1275 4621 1421 4684 θάλασσα

619 4732 755 4812 γινέσθω
777 4731 830 4793 καὶ
850 4730 977 4810 μακρὸν
998 4731 1047 4792 ἐπ’
1072 4729 1204 4809 αἰγιαλοὶ
1225 4728 1400 4808 βοόωντες,

618 4838 709 4900 ἀκταὶ
729 4839 754 4899 τ’
778 4837 919 4909 εἰνάλιαι,
941 4836 1030 4898 ὁπότ’
1054 4835 1152 4898 εὔδιοι
1174 4836 1325 4917 ἠχήεσσοιι

618 4946 777 5026 γίνωνται,
798 4944 943 5024 κορυφαί
959 4966 990 5005 τε
1010 4944 1174 5022 βοώμενοι
1196 4943 1309 5021 οὔρεος
1330 4942 1435 5021 ἄκραι.

285 5129 318 5205 7,
344 5128 396 5187 13:
418 5143 519 5204 saepe
545 5160 583 5168 —
611 5143 667 5201 per
701 5126 942 5185 translationem
977 5123 1217 5183 substantivum
1249 5139 1366 5200 saepes
1396 5123 1491 5182 etiam
1521 5123 1699 5197 usurpatur

419 5234 478 5294 Ov.
496 5234 582 5292 Trist
603 5233 646 5291 IV
661 5232 693 5308 1,
717 5232 771 5291 81:
794 5230 891 5308 „Sic,
916 5232 943 5289 si
965 5248 1060 5306 quem
1083 5231 1226 5290 nondum
1247 5232 1414 5304 portarum
1429 5246 1524 5303 saepe
1538 5230 1699 5304 receptum
