4125 6300
1045 790 1083 854 36

421 980 543 1058 dinem,
578 1000 604 1041 c.
635 981 670 1041 ll
700 984 930 1058 praemissum,
964 998 1036 1041 csse
1067 983 1241 1041 servatum.
1276 982 1315 1040 Id
1342 981 1471 1057 quidem
1498 982 1527 1042 91
1555 982 1704 1042 assentiri

421 1106 484 1147 non
506 1106 639 1164 possum
662 1106 765 1164 neque
786 1089 1017 1149 Clitomachum
1039 1089 1208 1164 scripsisse
1229 1091 1294 1148 tres
1314 1089 1414 1149 libros
1435 1090 1475 1149 de
1492 1089 1701 1165 divinatione,

420 1196 476 1271 qui
497 1196 615 1272 singuli
637 1213 710 1255 cum
731 1196 830 1255 ternis
851 1196 998 1271 partibus
1019 1213 1119 1271 supra
1141 1190 1287 1255 indicatis
1310 1196 1527 1256 convenirent.

460 1303 604 1361 Primum
632 1303 717 1362 enim
742 1320 807 1362 non
828 1306 953 1362 constat
974 1303 1206 1363 Clitomachum
1227 1304 1345 1362 librum
1367 1303 1561 1379 singularem
1584 1302 1704 1363 dehac

420 1427 455 1469 re
483 1410 666 1486 scripsisse,
697 1410 816 1469 nedum
840 1426 858 1468 e
881 1410 986 1469 tribus
1007 1410 1217 1485 compositum
1239 1410 1403 1485 partibus,
1435 1409 1549 1471 deinde
1570 1420 1704 1470 nonest

419 1534 477 1576 cur
509 1517 670 1577 Ciceronis
699 1534 782 1592 opus
810 1517 844 1576 in
875 1519 982 1592 pa1tes
1011 1520 1077 1575 tres
1104 1517 1210 1592 potius
1238 1534 1336 1592 quam
1364 1517 1473 1592 plures
1501 1516 1700 1593 dividamus,

419 1624 494 1699 quia
529 1624 616 1683 nulla
650 1624 765 1683 divisio
799 1626 884 1683 certa
919 1627 1061 1699 apparet.
1105 1622 1169 1683 Sed
1203 1624 1316 1683 demus
1351 1623 1428 1700 hoc,
1469 1627 1576 1684 tamen
1615 1623 1703 1684 Schi-

419 1730 511 1790 chius
543 1731 604 1790 sibi
635 1748 697 1790 non
730 1734 864 1791 constat.
899 1731 1050 1807 Legimus
1082 1731 1168 1806 apud
1198 1729 1310 1807 euml)
1341 1732 1488 1807 „Eorum
1518 1748 1594 1790 vero
1621 1749 1704 1806 quae

419 1840 600 1912 sequuntur
621 1855 647 1897 c.
666 1836 705 1897 38
725 1840 756 1897 et
777 1837 832 1913 39,
857 1854 1016 1897 summam
1038 1853 1109 1897 csse
1130 1838 1269 1897 auctoris
1290 1837 1403 1897 Graeci
1423 1854 1463 1897 ex
1483 1838 1534 1897 his
1555 1840 1701 1913 apparet:

299 1960 308 1973 ·
421 1942 441 2020 ξ
463 1942 502 2003 80
523 1943 684 2004 Ciceronis
705 1944 783 2003 haec
804 1946 881 2003 sunt
898 1944 1011 2003 verba:
1030 1942 1123 2003 illud
1137 1945 1213 2004 erat
1221 1942 1426 2021 philosophi
1433 1942 1570 2021 potius,
1597 1943 1703 2004 totius

419 2049 564 2129 cuparii
591 2049 751 2128 primum
782 2052 949 2112 naturam
980 2050 1096 2128 ipsam
1127 2049 1258 2126 cidere,
1296 2049 1421 2111 (191999
1451 2049 1698 2127 incentionem

419 2156 544 2218 deiude
578 2156 821 2219 coustantium.
860 2159 956 2218 Hunc
987 2158 1131 2217 ordinem
1161 2158 1194 2216 in
1227 2156 1435 2233 sequentibus
1467 2163 1584 2219 servat.
1622 2158 1701 2227 Quis

418 2268 524 2324 autem
553 2283 617 2324 non
645 2264 731 2324 videt
757 2265 800 2324 ita
828 2266 947 2325 factum
976 2282 1047 2331 esse
1075 2267 1111 2324 ut
1138 2264 1178 2325 de
1204 2266 1313 2325 eadem
1341 2283 1376 2325 re
1396 2266 1446 2325 bis
1467 2266 1604 2325 diversis
1624 2265 1701 2325 locis

325 2414 329 2419 .
418 2370 591 2448 ageretur?
623 2373 670 2431 De
699 2372 877 2431 constantia
907 2371 991 2431 enim
1020 2371 1149 2447 augurii
1178 2370 1260 2448 §82
1289 2372 1399 2433 Cicero
1425 2372 1469 2432 ita
1496 2372 1639 2448 loquitur
1666 2374 1701 2431 ut

417 2478 613 2538 demonstret
643 2479 730 2554 apud
761 2480 840 2539 alios
871 2479 1006 2554 populos
1037 2479 1098 2538 alia
1130 2496 1201 2539 esse
1233 2480 1369 2555 auguria
1401 2482 1497 2555 atque
1527 2480 1610 2540 idem
1637 2479 1701 2539 iam

420 2583 439 2663 ξ
463 2586 501 2644 76
521 2586 654 2645 dixerat.
685 2585 790 2646 Causa
811 2585 909 2644 huius
932 2586 976 2644 rei
997 2586 1029 2644 in
1052 2603 1089 2644 eo
1110 2588 1235 2645 tantum
1257 2586 1360 2661 posita
1381 2603 1452 2645 esse
1472 2588 1590 2662 potest,
1615 2587 1700 2661 quod

417 2709 490 2751 cum
519 2692 687 2767 partitione
713 2692 766 2751 illa
794 2710 859 2752 non
887 2694 1009 2751 mutata
1037 2691 1254 2767 explicationis
1283 2710 1412 2768 quoque
1439 2692 1480 2753 ad
1508 2688 1577 2752 eam
1606 2692 1699 2768 perti-

417 2800 522 2858 nentis
558 2776 717 2859 summam
753 2799 862 2859 Cicero
897 2816 937 2858 ex
971 2799 1054 2858 libro
1090 2799 1211 2859 Graeco
1246 2800 1401 2875 sumpsit,
1440 2817 1513 2859 cum
1544 2816 1627 2875 quae
1656 2800 1700 2857 illi

416 2906 608 2966 antecedunt
635 2923 695 2965 suo
722 2907 824 2965 Marte
850 2904 1088 2981 exposuisset.''
1119 2906 1265 2967 Concedo
1292 2905 1369 2965 illud
1393 2907 1586 2982 „naturam
1597 2950 1696 2969 .....

416 3012 647 3074 incentionem
659 3058 759 3073 .....
791 3011 1049 3073 999919911999”
1082 3013 1162 3072 fonti
1189 3013 1307 3073 deberi.
1343 3012 1423 3073 Inde
1451 3031 1527 3073 vero
1555 3014 1700 3089 sequitur

416 3138 455 3182 ex
483 3122 593 3181 ecdem
619 3121 707 3181 fonte
727 3137 859 3180 manare
879 3120 1005 3180 initium
1028 3118 1048 3198 ἓ
1071 3119 1109 3180 85
1131 3118 1311 3182 uideamus
1332 3118 1607 3182 clarissimcmlm
1628 3136 1698 3182 sor·

418 3227 506 3289 tium
534 3245 623 3306 quae
651 3227 816 3288 tradatur
843 3227 995 3289 19999119
1001 3247 1015 3300 ,·
1043 3229 1125 3287 adde
1152 3229 1238 3303 quod
1269 3227 1349 3306 §87
1377 3229 1562 3289 Clitomachi
1583 3245 1698 3288 nomen

415 3352 604 3411 expressum
635 3346 693 3394 est.
728 3336 847 3394 Tamen
875 3335 959 3394 hanc
986 3338 1110 3410 partem
1137 3335 1177 3393 de
1205 3334 1346 3394 sortibus
1376 3352 1440 3394 non
1468 3335 1554 3410 apud
1579 3335 1698 3395 fontem

299 3441 303 3450 '
415 3442 516 3501 fuisse
546 3445 654 3502 censet
685 3441 863 3502 Schichius.
899 3441 1042 3502 Curnam
1074 3440 1227 3516 quaeris?
1260 3441 1353 3509 Quod
1384 3442 1493 3517 „inter
1522 3459 1556 3500 99
1583 3458 1698 3517 pamm

415 3547 618 3626 congruant''
648 3565 685 3608 ea
713 3566 796 3623 quae
823 3548 884 3607 hac
910 3550 1001 3624 parte
1025 3548 1101 3608 dicit
1123 3548 1245 3622 Cicer0;
1276 3548 1377 3623 „dicit
1397 3545 1498 3624 enim,
1529 3549 1561 3606 in
1584 3549 1698 3624 volgus

415 3658 539 3716 tantum
564 3658 642 3716 tunc
664 3656 945 3715 Praenestinorum
967 3656 1103 3714 sortium
1124 3672 1241 3714 nomen
1262 3655 1390 3714 retineri
1396 3672 1405 3728 ;
1435 3655 1547 3714 ceteris
1568 3672 1644 3714 vero
1665 3655 1697 3713 in

414 3763 491 3822 locis
526 3765 628 3821 sortes
663 3763 757 3838 plane
792 3761 955 3821 refrixisse
989 3763 1086 3836 atque
1117 3761 1149 3819 id
1181 3761 1345 3820 censuisse
1375 3761 1468 3821 ctiam
1502 3760 1696 3821 Carneadem

414 3868 584 3944 dicentem,
620 3886 781 3943 nusquam
813 3886 847 3928 se
878 3869 1121 3928 fortunatiorem
1152 3884 1250 3942 quam
1282 3868 1453 3926 Praeneste
1485 3866 1604 3927 vidisse
1634 3868 1696 3926 for·

415 3973 567 4036 tunam.'’
603 4003 609 4013 ·

453 4082 505 4142 Nil
531 4084 637 4142 inesse
663 4083 754 4141 video
776 4083 862 4157 quod
884 4098 998 4157 parum
1020 4084 1187 4158 congruat.
1219 4081 1376 4154 Equidem
1399 4099 1463 4140 non
1485 4098 1598 4140 recuso
1619 4081 1696 4156 quin

413 4191 541 4250 credam
568 4192 667 4250 totam
694 4190 779 4248 illam
808 4190 848 4248 de
875 4189 1016 4248 sortibus
1045 4192 1166 4263 partem
1195 4205 1213 4247 e
1240 4187 1425 4248 Clitomachi
1448 4189 1530 4247 libro
1550 4189 1693 4247 fluxisse.

416 4296 479 4357 Sed
501 4298 528 4356 91
551 4296 719 4357 Schichius
739 4297 771 4355 id
793 4296 947 4372 dedisset,
972 4296 1032 4355 hoc
1053 4313 1181 4371 quoque
1199 4296 1392 4354 refutaretur
1406 4295 1440 4354 in
1455 4313 1481 4354 c.
1500 4295 1535 4354 11
1552 4294 1696 4354 ordinem

413 4405 511 4464 fontis
538 4404 698 4479 praeberi:
727 4403 771 4461 ibi
797 4403 882 4462 enim
910 4406 1012 4462 sortes
1041 4402 1167 4461 desunt.
1200 4402 1299 4460 Multo
1323 4401 1520 4476 probabilius
1542 4404 1590 4461 est
1612 4401 1696 4462 Cice·

413 4529 523 4570 ronem
550 4512 584 4568 in
612 4510 714 4585 capite
742 4508 777 4568 11
808 4510 988 4568 memoriter
1017 4509 1219 4584 repetivisse,
1251 4525 1333 4582 quae
1360 4508 1442 4567 libro
1468 4509 1573 4584 primo
1597 4507 1695 4568 disse-

303 4602 308 4609 ’
413 4618 540 4677 ruisset.
572 4616 787 4678 Clitomachus
814 4614 854 4674 de
882 4615 1023 4674 sortibus
1052 4631 1180 4690 quoque
1203 4615 1329 4673 locutus
1350 4617 1414 4690 est,
1446 4631 1550 4689 neque
1569 4618 1618 4674 est
1639 4632 1695 4673 cur

412 4741 429 4782 e
457 4724 564 4783 verbis
591 4722 652 4784 sed
677 4721 741 4782 hoc
770 4721 910 4799 quidem
937 4738 1047 4800 penus
1067 4718 1296 4782 divinationis
1316 4719 1388 4780 uita
1409 4719 1482 4780 iam
1503 4719 1697 4781 communis

413 4830 556 4908 explosit
583 4830 761 4890 efficiamus
788 4846 852 4888 non
878 4830 981 4887 solum
1005 4829 1205 4902 Ciceronem,
1237 4827 1293 4886 sed
1316 4828 1546 4887 Clitomachum
1568 4845 1695 4903 quoque

412 4938 550 4997 breviter
584 4938 624 4996 de
658 4936 799 4996 sortibus
830 4937 944 5012 egisse.
983 4937 1131 4996 Ceterum
1162 4936 1195 4993 in
1227 4935 1265 4993 iis
1298 4934 1404 4994 verbis
1436 4952 1519 5010 quae
1549 4951 1647 5010 supra
1678 4951 1696 4993 e

413 5137 625 5145 Ι----------

447 5267 468 5336 ¹)
505 5287 529 5337 p.
550 5269 592 5321 37.
