4125 6300
1004 738 1042 796 53

221 921 277 996 30,
307 921 360 980 64;
382 919 639 982 immortalium
668 920 885 999 culmorum,
917 922 956 983 iu
985 921 1113 1001 qulbus
1141 924 1323 1001 tamquam
1345 922 1536 1001 lusipullae
1561 928 1664 986 uotae

382 1026 540 1089 uallatis
567 1032 763 1107 appareaul
789 1032 829 1091 cl.
861 1032 944 1090 Plut.
975 1032 1015 1090 de
1040 1032 1120 1106 plac.
1145 1032 1221 1106 phil.
1245 1033 1280 1107 4,
1308 1032 1359 1090 11:
1388 1029 1463 1091 ὅταν
1485 1033 1663 1115 γεννηθῇὸ

382 1134 573 1212 ἄνθρωπος,
595 1135 657 1215 ἔχει
678 1132 712 1195 τὸ
734 1134 925 1216 ἡγεμονικὸν
945 1136 1044 1214 μέρος
1065 1140 1119 1215 τῆς
1138 1141 1246 1216 ψυχῆς
1267 1135 1376 1215 ὥσπερ
1397 1136 1516 1217 χάρτην
1533 1138 1664 1220 εὔεργαν

382 1241 424 1309 εἰς
445 1241 647 1322 ἀπογραφήν.
669 1242 712 1311 εἰς
731 1246 823 1303 τοῦτο
840 1243 916 1320 μίαν
935 1241 1070 1323 ἑκάστην
1087 1246 1150 1304 τῶν
1169 1242 1299 1304 ἐννοιῶν
1317 1243 1663 1324 ἐναπογράφεται,

381 1352 509 1428 πρῶτος
537 1348 566 1409 δ’
591 1348 609 1409 ὁ
636 1354 691 1429 τῆς
718 1348 907 1430 ἀναγραφῆς
935 1348 1052 1428 τρόπος
1077 1349 1156 1411 ἐστὶν
1182 1349 1201 1411 ὁ
1223 1348 1273 1411 διὰ
1295 1354 1359 1412 τῶν
1379 1350 1569 1430 αἰσθήσεων.
1592 1352 1663 1414 Vox

381 1473 453 1530 qe.
477 1454 669 1534 lusipullae
691 1457 830 1517 Stoicam
851 1458 1007 1535 originem
1030 1458 1146 1534 prodit.

220 1662 277 1736 31,
301 1660 358 1723 65:
376 1659 605 1739 praesagibat
627 1706 634 1721 .
660 1707 667 1720 .
693 1706 700 1721 .
726 1661 889 1722 domo-
912 1663 1015 1722 Plaut.
1041 1663 1145 1721 Aulul.
1171 1663 1259 1738 112,
1285 1664 1300 1721 1
1325 1681 1372 1722 vs.
1396 1662 1453 1723 178
1473 1662 1571 1740 (aa
1596 1654 1687 1742 S.):'

381 1765 632 1844 „praesagibat
662 1766 713 1828 ml
742 1767 883 1829 culmus
909 1769 1044 1830 trustra
1071 1785 1125 1829 me
1152 1767 1203 1829 lm
1232 1786 1340 1847 quum
1368 1768 1492 1831 aeirem
1518 1771 1660 1832 domo.’'

380 1874 494 1933 Omisit
520 1875 628 1935 Cicero
649 1876 793 1935 dativum
815 1874 874 1935 ml.
908 1878 952 1935 De
974 1876 1148 1951 veriloquio
1171 1876 1259 1935 verbi
1280 1878 1502 1953 praesagIendi
1524 1879 1563 1938 cf.
1589 1880 1662 1938 Fes-

379 1984 459 2040 tum:
485 1982 702 2057 „praesagitio
723 1982 806 2041 dicta
828 1983 914 2057 quod
935 1983 1121 2059 praesagire
1137 1986 1186 2041 est
1200 1986 1292 2042 acute
1307 1984 1440 2059 sentire,
1465 1985 1551 2043 unde
1566 2003 1662 2061 sagae

378 2088 480 2147 dictae
500 2105 600 2163 anns,
624 2105 707 2163 qnae
728 2090 828 2148 multa
850 2090 956 2149 sciunt
977 2091 1007 2148 et
1028 2106 1161 2165 sagaces
1182 2107 1293 2164 canes,
1317 2089 1373 2165 qui
1390 2090 1531 2150 terarum
1547 2091 1662 2151 cubilia

380 2193 637 2269 praesentiunt.''

221 2385 276 2460 31,
300 2383 357 2445 67:
380 2384 522 2445 callium
553 2403 691 2447 eaameu
718 2385 816 2464 rapit
843 2421 881 2428 —
911 2387 976 2447 scil.
1001 2386 1130 2461 classis,
1166 2400 1249 2460 quae
1276 2384 1370 2444 affert
1398 2402 1505 2444 secum
1534 2386 1661 2446 turbam

381 2492 548 2552 malorum.
572 2492 729 2555 Bellium
750 2495 918 2570 genetivus
939 2494 1073 2570 pluralis
1094 2495 1152 2552 est.

220 2678 276 2753 33,
302 2680 357 2739 72:
380 2680 420 2739 ul
450 2679 489 2740 lu
519 2678 638 2742 Sullae
664 2679 833 2758 scalptum
861 2678 1011 2741 historia
1038 2678 1195 2741 uidemus
1220 2715 1258 2722 -
1286 2683 1396 2740 utrum
1424 2680 1587 2740 historiam
1617 2681 1663 2739 de

383 2786 471 2846 Sulla
498 2805 539 2846 an
568 2806 585 2847 a
615 2787 703 2848 Sulla
726 2789 877 2863 scriptam
900 2788 1009 2848 Cicero
1030 2788 1174 2862 denotet,
1206 2804 1270 2846 non
1291 2790 1387 2862 patet.
1419 2787 1574 2862 Equidem
1597 2804 1661 2845 non

379 2911 452 2953 cum
467 2895 592 2954 Mosero
606 2895 688 2955 facio
702 2897 771 2971 qui,
789 2912 862 2954 cum
878 2898 968 2970 parte
982 2912 1081 2953 manu
1097 2894 1303 2969 scriptorum,
1321 2894 1485 2954 lechonem
1497 2891 1663 2954 Sisennae

379 2998 564 3061 historiam
593 3002 627 3060 in
658 3004 780 3061 textum
803 3001 935 3077 recepit,
970 3001 1021 3060 cui
1053 3000 1151 3060 verba
1182 3000 1383 3075 insequentia
1416 3000 1492 3076 „ille
1522 3001 1555 3059 in
1584 3017 1662 3076 agro

380 3106 526 3168 Nolano''
555 3111 585 3169 et
614 3109 671 3185 „id
694 3127 766 3169 oum
790 3108 879 3170 Sulla
900 3106 1050 3170 fecisset”
1073 3108 1216 3183 obstant;
1247 3109 1416 3168 sedetiam
1440 3108 1467 3168 si
1488 3108 1662 3168 retinemus

379 3216 544 3275 lectionem
566 3214 699 3292 Sullae,
723 3217 833 3276 eodem
854 3218 924 3276 iure
944 3217 977 3275 ln
995 3219 1168 3290 utramque
1186 3219 1289 3291 potest
1306 3216 1404 3291 accipi
1423 3218 1561 3291 partem,
1587 3216 1661 3290 quia

382 3322 537 3382 Sisennae
563 3341 645 3399 opus
672 3325 705 3383 in
733 3324 823 3383 libris
851 3324 891 3383 de
918 3324 982 3382 dlv.
1007 3323 1185 3383 scribendis
1215 3323 1324 3384 Cicero
1352 3322 1498 3381 adhibuit
1527 3321 1556 3399 (I
1581 3320 1600 3400 ᾗ
1623 3322 1661 3382 99

381 3429 477 3506 quod
506 3428 646 3507 quidem
679 3429 827 3491 Sismua
856 3448 933 3490 αανα
962 3428 1231 3507 disputavisset·
1262 3431 1295 3488 ΙΙ
1326 3428 1345 3508 5
1375 3430 1413 3489 54
1441 3427 1555 3489 multa
1582 3431 1663 3490 aule

323 3530 327 3537 ’
379 3535 569 3597 Marsicum
591 3535 718 3597 bellum
739 3555 762 3597 a
782 3535 930 3597 Slaeuua
951 3535 1092 3597 collecta
1113 3535 1279 3613 attulislll
1303 3555 1360 3596 neo
1380 3536 1487 3596 Sullae
1504 3554 1661 3596 commen-

380 3644 478 3703 tarios
499 3644 668 3720 ignoravit.

220 3830 276 3905 35,
301 3830 356 3890 78:
381 3826 474 3889 labes
494 3863 531 3870 -
553 3830 592 3890 ct.
612 3829 632 3908 ἕ
654 3831 692 3890 97
715 3829 833 3890 dehita
854 3829 960 3891 etlam
982 3829 1030 3893 aa
1051 3832 1211 3890 amalum
1234 3828 1309 3890 labe
1331 3829 1410 3908 apri
1429 3828 1657 3906 Priuernatis,

380 3953 458 3996 eum
479 3936 527 3996 ad
547 3935 728 3998 latiultam
749 3935 974 3998 altitudinem
997 3938 1091 3998 terra
1111 3935 1305 4026 desedisset.

220 4134 275 4209 36,
302 4133 357 4193 79:
381 4130 545 4193 Pasiteles
565 4130 710 4193 eaelaull
731 4133 875 4210 argento
898 4166 935 4174 -
957 4150 1093 4208 prorsus
1112 4134 1194 4192 alius
1213 4134 1260 4192 est
1278 4133 1430 4192 Pasiteles
1451 4131 1559 4209 (quem
1576 4133 1660 4192 Cice·

380 4239 468 4298 ranis
485 4239 649 4314 aequalem
664 4239 764 4298 tuisse
778 4240 846 4315 ipse
861 4242 1028 4299 contextus
1044 4239 1216 4298 verborum
1232 4237 1350 4316 docet),
1372 4240 1453 4298 alius
1469 4239 1657 4314 PraxiteleS,

379 4347 434 4420 qui
463 4346 589 4406 saeculo
616 4349 731 4421 quarto
759 4350 833 4407 ante
860 4347 935 4407 Chr.
960 4364 992 4406 n.
1016 4347 1149 4405 Athenis
1170 4347 1289 4405 floruit.
1314 4346 1393 4404 Pliu.
1419 4346 1507 4406 n.·h.
1531 4347 1660 4404 XXXVI

382 4451 401 4529 ᾗ
417 4452 473 4512 40:
496 4455 552 4528 „et
568 4454 733 4529 Pasiteles,
758 4450 861 4529 quiet
878 4455 1022 4530 quinque
1040 4453 1202 4512 volumIna
1218 4453 1345 4528 scripsit
1359 4453 1512 4511 nobilium
1527 4470 1659 4527 operum

379 4559 411 4617 in
443 4562 509 4619 toto
538 4560 625 4619 orbe.
655 4561 758 4620 Natus
786 4561 836 4620 hle
863 4561 895 4619 in
925 4560 1057 4620 Graecia
1086 4561 1195 4619 Italiae
1222 4577 1278 4619 ora
1306 4562 1337 4618 et
1364 4560 1490 4619 civitate
1517 4561 1660 4619 Romana

378 4667 517 4726 donatus
545 4684 617 4726 cnm
646 4668 697 4726 his
724 4668 850 4743 oppidis
878 4669 987 4727 Iovem
1015 4668 1088 4727 tecIt
1110 4667 1261 4727 eboreum
1282 4666 1315 4724 in
1337 4667 1452 4726 Metelli
1474 4667 1566 4741 aede,
1596 4684 1660 4742 qua

380 4774 520 4849 Campus
548 4775 675 4849 petitur.
709 4775 829 4834 Accidit
857 4775 901 4850 ei,
936 4792 1008 4834 curn
1036 4776 1069 4832 in
1099 4774 1269 4833 navalibus
1297 4772 1366 4850 (ubi
1387 4773 1473 4833 ferae
1493 4773 1660 4833 Africanae

378 4879 483 4957 erant)
506 4899 562 4956 per
583 4899 713 4940 caveam
734 4882 862 4941 intuens
883 4883 1006 4941 leonem
1028 4882 1178 4956 caelaret,
1202 4883 1238 4940 ut
1259 4898 1298 4939 ex
1316 4881 1377 4939 alia
1394 4897 1489 4940 eavea
1505 4881 1659 4955 panthera

378 4991 574 5064 erumperet,
609 5005 673 5047 non
705 4989 766 5047 levi
798 4988 937 5063 periculo
968 4989 1203 5064 diligentissimi
1234 4989 1375 5047 artificis.
1410 4988 1536 5048 Fecisse
1563 5006 1659 5064 opera

379 5096 543 5169 complura
571 5095 702 5171 dicitur,
733 5113 816 5170 quae
844 5096 951 5155 lecerit
979 5096 1167 5155 nominatim
1196 5113 1260 5155 non
1289 5094 1464 5155 retertur.”
1503 5096 1549 5156 Oi.
1575 5097 1655 5154 Plin.

380 5202 517 5260 XXXIII
541 5200 561 5279 ἓ
585 5202 656 5275 130;
681 5202 752 5274 156;
775 5203 888 5261 XXXV
910 5201 929 5279 ἓ
954 5203 1025 5275 156;
1050 5203 1178 5264 XXXVI
1203 5201 1222 5279 ᾗ
1245 5203 1297 5276 35;
1321 5202 1373 5274 39;
1397 5203 1412 5260 Ι
1436 5200 1455 5280 5
1479 5203 1531 5275 33;
1554 5202 1602 5261 34.
