4125 6300
1049 753 1087 813 28

468 935 530 1005 Qui
551 938 610 996 hos
631 939 717 997 locos
738 939 905 1015 diligenter
925 942 1123 1016 perspexerit
1144 944 1240 1016 atque
1256 942 1514 1017 perlustraverit,
1539 960 1603 1002 non
1618 943 1708 1002 dubi-

427 1043 505 1102 tabit
527 1045 604 1118 quin
627 1046 719 1119 quasi
741 1047 942 1106 necessitudo
963 1049 1120 1122 quaedam
1142 1052 1237 1124 atque
1259 1050 1421 1125 vinculum
1438 1050 1478 1109 sit
1493 1050 1575 1109 inter
1590 1051 1707 1109 librum

427 1152 604 1209 secundum
632 1153 672 1211 de
692 1156 807 1212 natura
829 1155 962 1213 deorum
983 1157 1013 1213 et
1035 1155 1152 1214 librum
1174 1158 1313 1231 primum
1335 1158 1374 1215 de
1395 1157 1478 1231 div.‚
1511 1174 1614 1231 neque
1634 1175 1707 1216 eum

427 1257 527 1333 fugiet
548 1259 730 1319 Ciceronem
752 1261 784 1345 in
807 1261 975 1321 scribendo
995 1263 1077 1322 libro
1099 1263 1114 1321 Ι
1135 1263 1175 1322 de
1193 1263 1256 1322 div.
1276 1264 1362 1323 haud
1376 1264 1592 1323 immemorem
1608 1264 1708 1323 luisse

426 1366 495 1423 eius
523 1368 609 1440 quod
636 1368 668 1425 in
697 1369 717 1426 l.
742 1368 775 1426 II
798 1386 830 1427 n.
854 1369 884 1427 d.
916 1370 1106 1445 scripsisset.
1138 1370 1186 1429 Ita
1209 1372 1292 1429 enim
1315 1388 1365 1430 res
1388 1371 1554 1446 sehabet,
1585 1374 1707 1430 utnon

427 1474 529 1532 solum
560 1473 668 1534 Cicero
695 1474 794 1534 libros
822 1476 861 1534 de
888 1477 1083 1536 divinatione
1111 1482 1140 1537 et
1168 1479 1207 1537 de
1235 1479 1300 1538 fato
1328 1479 1420 1554 quasi
1449 1480 1706 1554 supplementum

425 1580 515 1638 libris
546 1581 585 1639 de
616 1583 732 1640 natura
763 1583 896 1641 deorum
928 1584 1100 1660 addiderit,
1136 1585 1191 1644 sed
1223 1586 1347 1645 Stoicus
1377 1603 1506 1661 quoque
1534 1586 1606 1644 fons
1634 1585 1706 1643 libri

426 1688 558 1747 secundi
572 1688 611 1747 de
625 1706 657 1747 n.
672 1688 702 1747 d.
717 1692 747 1747 et
761 1689 833 1747 libri
848 1691 942 1765 primi
957 1691 996 1750 de
1010 1691 1073 1750 div.
1093 1693 1295 1766 quaestiones
1310 1694 1348 1752 de
1363 1696 1479 1753 natura
1494 1695 1643 1767 deorum,
1667 1693 1707 1751 de

425 1795 635 1871 divinatione,
660 1797 700 1855 de
720 1797 786 1856 fato
807 1798 993 1857 coniunctas
1014 1800 1221 1874 continuerit,
1246 1802 1282 1858 ut
1303 1800 1426 1876 opinor,
1450 1800 1546 1874 idque
1567 1800 1705 1875 primum

425 1904 511 1976 quod
533 1903 738 1963 divinationis
759 1905 923 1965 veritatem
944 1923 963 1965 a
984 1906 1033 1965 dis
1058 1905 1153 1966 Stoici
1169 1907 1331 1965 duxerunt
1345 1910 1376 1966 et
1390 1908 1465 1965 deos
1481 1923 1551 1965 esse
1565 1906 1705 1965 vicissim

425 2027 442 2067 e
469 2010 674 2069 divinationis
703 2012 835 2071 veritate
862 2013 1088 2071 concluserunt
1099 2011 1141 2089 1);
1171 2013 1284 2072 deinde
1306 2014 1392 2088 quod
1414 2013 1605 2072 Posidonius
1627 2013 1705 2071 divi-

425 2118 585 2175 nationem
607 2135 625 2176 a
647 2104 722 2194 deo,
746 2136 764 2177 a
786 2119 867 2194 rato,
892 2137 910 2179 a
932 2126 1047 2179 natura
1070 2118 1213 2194 duxit2);
1238 2123 1305 2179 tum
1321 2122 1407 2195 quod
1421 2121 1454 2178 in
1469 2119 1550 2179 libro
1566 2120 1706 2179 secundo

424 2224 463 2281 de
491 2224 555 2282 div.
585 2224 617 2282 in
647 2225 816 2284 refutanda
844 2225 1039 2285 divinatione
1065 2226 1159 2285 etiam
1187 2227 1289 2285 iatum
1318 2228 1491 2302 refutatur,
1526 2227 1612 2302 quod
1641 2244 1705 2285 non

424 2330 543 2389 iactum
572 2334 671 2406 esset,
703 2332 764 2389 nisi
796 2331 907 2407 Stoici,
940 2335 1049 2391 contra
1078 2350 1159 2408 quos
1187 2333 1220 2391 in
1242 2334 1323 2392 libro
1345 2334 1486 2393 secundo
1506 2350 1558 2393 res
1580 2334 1702 2409 agitur,

424 2454 460 2495 ea
488 2456 616 2512 quoque
643 2437 872 2515 iunxissent3).
906 2439 939 2499 Si
967 2443 1073 2499 autem
1103 2458 1213 2499 verum
1242 2444 1291 2500 est
1321 2440 1443 2500 Stoicos
1470 2458 1581 2500 omnes
1610 2444 1705 2516 atque

423 2545 506 2602 inter
533 2562 587 2603 eos
616 2546 823 2604 Posidonium
851 2564 887 2605 ea
915 2546 1075 2622 iunxisse,
1107 2565 1213 2606 nonne
1240 2548 1299 2607 hoo
1327 2549 1360 2605 in
1384 2551 1534 2623 promptu
1557 2548 1705 2606 manifes-

423 2652 557 2725 tumque
586 2655 633 2710 est
662 2653 860 2727 Ciceronem,
895 2653 928 2711 in
955 2654 1046 2712 libris
1074 2655 1113 2712 de
1140 2658 1205 2713 nat.
1237 2655 1322 2714 deor.
1353 2656 1416 2714 iam
1446 2655 1606 2714 Posidonii
1634 2652 1705 2729 περὶ

423 2755 512 2817 θεῶν
542 2759 761 2832 adhibentem,
796 2760 856 2818 hoc
886 2761 995 2819 eodem
1026 2778 1122 2835 opere
1149 2762 1196 2819 uti
1224 2762 1428 2821 constituisse
1455 2761 1488 2820 in
1516 2762 1597 2820 libro
1625 2762 1640 2819 l
1665 2762 1704 2819 de

424 2864 517 2923 dim?
547 2866 596 2924 Ita
623 2867 707 2924 enim
735 2866 928 2942 explicatur,
959 2884 1017 2925 cur
1038 2870 1103 2926 toto
1124 2868 1205 2926 libro
1227 2869 1330 2943 primo
1352 2871 1416 2927 non
1438 2869 1477 2927 de
1498 2868 1703 2927 divinationis

423 2973 546 3047 origine
573 2991 591 3031 a
619 2974 684 3032 fato
712 2976 742 3031 et
769 2991 787 3032 a
816 2977 932 3032 natura
961 2974 1106 3033 ducenda
1135 2992 1240 3034 sermo
1268 2976 1308 3034 sit
1335 2979 1408 3034 ante
1438 2974 1457 3052 ξ
1487 2976 1553 3035 125.
1587 2975 1650 3035 Sed
1677 2976 1702 3033 si

423 3079 538 3155 prioris
573 3079 706 3154 eiusque
741 3080 897 3138 maximae
933 3080 1033 3155 partis
1068 3081 1140 3139 libri
1172 3082 1266 3157 primi
1298 3082 1458 3139 Posidonii
1489 3103 1520 3139 π.
1552 3084 1703 3159 μαντικῆς

422 3186 520 3245 libros
542 3187 661 3245 fontem
683 3188 784 3246 fuisse
804 3205 876 3246 cum
899 3188 1101 3246 Hartieldero
1123 3189 1277 3264 coniciaS,
1303 3207 1366 3248 non
1381 3190 1495 3265 liquet,
1520 3207 1577 3248 cur
1593 3189 1702 3248 Cicero

422 3294 461 3352 de
482 3311 518 3352 ea
541 3311 574 3352 re
595 3295 716 3353 tamdiu
738 3294 870 3352 siluerit.
896 3296 1043 3354 Ceterum
1065 3295 1141 3353 mihi
1163 3296 1362 3370 propositum
1384 3298 1447 3371 est,
1473 3300 1642 3370 postquam
1664 3297 1703 3354 de

421 3400 503 3458 libro
531 3401 672 3459 secundo
699 3401 920 3476 disputavero,
951 3402 1129 3477 inquirere,
1161 3420 1301 3477 quonam
1329 3405 1422 3462 modo
1443 3407 1545 3462 totum
1566 3420 1648 3477 opus
1669 3403 1702 3460 in

423 3508 583 3567 Ciceronis
611 3511 721 3591 mente
744 3510 855 3567 natum
877 3509 931 3582 sit;
961 3527 1036 3568 nam
1059 3511 1118 3568 hoc
1140 3513 1231 3585 pacto
1252 3511 1416 3586 aptissime
1437 3513 1543 3570 omnia
1564 3511 1703 3569 breviter

422 3614 567 3689 amplecti
592 3616 701 3689 potero
728 3632 893 3689 paucaque
915 3616 1047 3691 addere,
1079 3634 1162 3690 quae
1182 3617 1300 3692 optime
1319 3617 1552 3694 intelligentur,
1585 3619 1611 3675 si
1633 3617 1701 3675 uni·

421 3739 552 3779 versum
579 3721 698 3779 librum
726 3721 787 3779 sub
815 3739 918 3780 unum
944 3727 1149 3797 conspectum
1172 3725 1375 3783 subiciemus.
1407 3726 1493 3800 Ergo
1517 3727 1586 3783 tum
1608 3726 1701 3784 etiam

421 3828 575 3886 nonnulla
596 3829 635 3886 de
656 3829 715 3886 hac
737 3845 786 3903 re,
811 3828 850 3886 de
870 3846 934 3903 qua
956 3847 1043 3888 nunc
1064 3831 1206 3906 agimus,
1231 3833 1391 3906 proferam
1414 3830 1453 3908 (c.
1472 3833 1505 3890 II
1528 3830 1578 3905 C).

461 3937 571 3994 Restat
606 3938 641 3993 ut
679 3935 872 3994 Hartlelderi
905 3936 943 3994 de
980 3936 1157 3996 Philisto
1194 3940 1382 3998 sententiam
1416 3941 1525 4014 paucis
1557 3943 1697 4016 tangam.

422 4043 536 4102 Censet
546 4040 572 4118 4)
596 4043 645 4101 vir
666 4043 778 4101 doctus
800 4042 982 4101 Ciceronem
1004 4044 1106 4118 ipsius
1130 4045 1252 4104 Philisti
1273 4064 1355 4121 opus
1371 4047 1519 4105 manibus
1535 4064 1697 4122 versasse,

421 4150 506 4224 quod
523 4167 587 4207 non
605 4151 708 4208 solum
724 4147 805 4222 tera)
825 4150 893 4207 eius
910 4150 1061 4209 historiae
1076 4152 1256 4226 laudentur,
1277 4153 1332 4211 sed
1348 4171 1386 4212 ex
1403 4154 1537 4228 epistula
1550 4154 1589 4212 ad
1602 4154 1700 4222 Quin·

420 4260 488 4315 tum
507 4257 637 4315 fratrem
656 4258 688 4315 II
708 4256 743 4315 13
759 4260 910 4331 appareat
925 4258 1064 4316 Tullium
1079 4259 1185 4333 ipsum
1200 4259 1231 4317 id
1247 4261 1372 4335 legisse.
1397 4261 1552 4335 Equidem
1568 4262 1701 4320 libenter

420 4364 557 4422 concedo
576 4364 758 4422 Ciceronem
777 4363 891 4439 legisse
910 4365 1095 4439 Philistum,
1120 4383 1223 4440 neque
1239 4366 1378 4425 dubitari
1393 4371 1511 4443 potest,
1537 4369 1615 4443 quin
1631 4369 1699 4427 Pla·

420 4474 526 4529 tonem
547 4471 672 4546 legerit,
697 4488 792 4545 quem
808 4472 967 4530 interdum
987 4473 1095 4547 affert,
1120 4474 1198 4548 quin
1217 4474 1310 4533 etiam
1327 4476 1428 4533 totum
1444 4476 1581 4550 aliquem
1595 4477 1699 4536 locum

453 4781 476 4848 l)
511 4784 542 4832 cl.
563 4781 576 4831 Ι
601 4780 635 4850 §5
660 4781 676 4833 9
701 4789 726 4831 et
753 4781 785 4834 10
811 4800 871 4849 „epo
897 4783 963 4832 caim
988 4783 1023 4833 sic
1043 4784 1153 4834 existimo
1172 4785 1195 4834 si
1214 4785 1264 4836 sint
1283 4804 1314 4836 co
1331 4804 1424 4852 ponera
1442 4787 1575 4838 divinandi
1593 4806 1651 4839 ocra
1669 4789 1699 4838 dc

419 4871 511 4938 quibua
524 4872 663 4937 acecpimus
678 4888 792 4936 quaeqae
806 4871 923 4935 colimus,
944 4890 995 4922 carc
1011 4873 1084 4936 daos,
1100 4874 1256 4940 vicissimque
1272 4876 1295 4925 si
1309 4876 1337 4924 di
1351 4876 1415 4939 sint,
1435 4895 1486 4927 esan
1503 4878 1548 4943 qui
1561 4878 1698 4928 divinent.'’

453 4959 476 5025 2)
513 4960 540 5021 I,
559 4959 576 5028 ξ
597 4959 654 5012 125.

453 5049 477 5113 3)
513 5048 593 5117 11,§
629 5049 653 5101 9.

452 5137 475 5203 4)
511 5155 536 5204 p.
558 5139 598 5191 13.

452 5224 474 5294 5)
511 5226 546 5295 §5
565 5226 612 5290 39,
634 5228 675 5279 73.
