4125 6300
1032 779 1071 846 62

409 975 440 1033 et
468 968 613 1033 futurum
636 968 745 1051 gaudii
766 969 908 1034 fructum
929 989 1004 1050 spes
1024 974 1082 1035 tibi
1103 974 1167 1035 iam
1188 972 1468 1051 praenotaverit’*
1493 974 1540 1039 Ol.
1564 976 1604 1040 de
1624 976 1688 1040 div.

410 1079 582 1159 115105:
615 1098 765 1159 mapcca
796 1079 1001 1142 Dicaearchi
1032 1066 1118 1142 lihcr
1149 1084 1214 1159 cst,
1246 1082 1375 1145 ιιοεσινσ
1403 1102 1444 1145 cc
1471 1084 1596 1147 melica
1624 1104 1693 1148 csse

411 1204 633 1265 puerascere.

251 1384 305 1460 10,
333 1384 388 1444 25:
411 1379 508 1458 quod
630 1378 744 1439 Iovem
764 1412 804 1422 -
832 1380 879 1440 cf.
905 1381 1023 1440 Herod.
1049 1381 1064 1439 I
1087 1381 1143 1441 91:
1167 1379 1384 1461 ἀπικομένοισι
1407 1380 1441 1443 δὲ
1463 1387 1537 1444 τοῖσι
1559 1381 1692 1444 Λυδοῖσι

410 1485 463 1547 καὶ
499 1484 624 1563 λέγουσι
660 1483 697 1545 τὰ
735 1483 935 1563 ἐντεταλμένα
974 1486 1029 1566 τὴν
1064 1484 1195 1566 Πυθίην
1228 1485 1345 1565 λέγεται
1377 1488 1471 1550 εἰπεῖν
1503 1488 1584 1551 τάδε.
1618 1489 1692 1571 ,τὴν

409 1592 624 1672 πεπρωμένην
644 1594 760 1669 μοῖρσν
782 1589 922 1652 ἀδύνατά
943 1591 1004 1653 ἐστι
1026 1591 1203 1672 ἀποφυγεῖν
1224 1592 1278 1655 καὶ
1298 1593 1402 1673 θεῴ.”

253 1803 305 1879 13,
332 1803 387 1863 3οτ
410 1798 502 1861 aliae
518 1797 666 1876 pecudia
685 1832 725 1841 -
746 1800 794 1859 cf.
819 1800 940 1859 dehac
961 1802 1099 1876 genetivi
1120 1802 1223 1861 lorma
1246 1801 1340 1860 Lucr.
1357 1801 1408 1859 III
1424 1801 1497 1861 916:
1520 1799 1689 1875 cliccrci;

410 1907 487 1967 Gell.
512 1907 589 1965 N.A.
614 1905 647 1963 ΙΙ
669 1905 726 1965 28:
749 1903 842 1966 aliae
861 1903 914 1966 rei
934 1921 1050 1966 ccccc.

251 2107 305 2183 13,
332 2107 387 2167 32:
408 2101 513 2164 vitale
541 2137 578 2144 —
608 2103 818 2179 Hottingerus
846 2102 977 2161 coniecit
1004 2100 1130 2163 hostile
1157 2103 1227 2163 coll.
1253 2104 1307 2179 12,
1339 2103 1394 2179 28,
1425 2104 1480 2162 sed
1510 2121 1575 2162 non
1602 2103 1688 2178 iure,

409 2229 460 2270 me
487 2211 600 2270 iudice.
631 2210 782 2286 Ignotum
811 2208 940 2283 quidem
961 2212 1026 2284 est,
1058 2210 1136 2283 quid
1158 2210 1199 2268 sit
1220 2209 1315 2269 vitale
1336 2210 1468 2284 fissum,
1494 2210 1550 2269 sed
1572 2210 1603 2268 id
1625 2227 1690 2269 non

410 2319 487 2377 satis
508 2321 572 2391 est,
598 2334 656 2377 cur
678 2334 786 2376 vocem
809 2323 877 2375 non'
895 2316 1069 2392 genuinam
1090 2333 1161 2376 csse
1182 2320 1342 2392 putemus.

251 2518 288 2577 13
296 2564 304 2595 ‚
332 2518 386 2577 322
409 2506 514 2582 caput
528 2501 659 2564 iccoris.
674 2535 713 2544 -
725 2503 772 2563 cf.
784 2503 864 2561 Plin.
882 2503 926 2561 XI
941 2503 997 2577 37,
1016 2503 1054 2563 73
1071 2501 1090 2581 §
1106 2503 1175 2563 189:
1198 2506 1312 2579 „iecur
1326 2504 1359 2563 in
1374 2505 1505 2563 dextera
1520 2507 1611 2579 parte
1624 2506 1688 2562 est:

410 2611 442 2670 in
464 2629 501 2671 eo
523 2612 607 2686 quod
630 2613 725 2685 caput
746 2612 891 2669 extorum
908 2613 1023 2669 vocant
1038 2628 1174 2686 magnae
1188 2611 1362 2670 varietatis.
1386 2612 1427 2669 M.
1446 2612 1594 2670 Marcello
1608 2611 1690 2669 circa

410 2722 564 2778 mortem.
580 2763 587 2777 .
603 2763 610 2777 .
624 2718 725 2776 deluit
745 2717 778 2776 in
797 2717 894 2776 extis:
918 2718 1064 2791 sequenti
1079 2718 1194 2776 deinde
1207 2718 1258 2777 die
1272 2718 1435 2795 geminum
1450 2721 1610 2793 repertum
1624 2719 1687 2791 cst,

409 2827 510 2885 defuit
524 2826 597 2885 etin
613 2824 647 2884 G.
663 2825 765 2883 Mario
776 2841 849 2883 cum
861 2824 1040 2883 immolaret
1053 2824 1174 2900 Uticae,
1190 2825 1264 2884 item
1278 2824 1356 2884 Gaio
1368 2824 1504 2901 principi
1516 2826 1584 2883 Kal.
1600 2824 1687 2899 Ian,

410 2953 482 2995 cum
501 2935 594 2992 iniret
612 2933 815 2992 consulatum
830 2949 895 3006 quo
909 2949 994 2991 anno
1008 2932 1195 2990 interfectus
1206 2935 1269 3007 cst,
1290 2932 1423 2993 Claudio
1433 2932 1610 2992 successori
1621 2932 1690 2990 eius

410 3060 474 3117 quo
495 3058 605 3100 mense
625 3041 835 3114 interemptus
857 3041 905 3097 est
927 3055 1060 3097 veneno.
1093 3038 1167 3097 divo
1188 3039 1335 3115 Augusto
1358 3038 1476 3114 Spoleti
1498 3038 1690 3098 sacrificanti

410 3152 513 3226 primo
534 3147 699 3225 potestatis
721 3164 799 3206 suae
820 3145 870 3205 die
891 3163 948 3205 sex
962 3145 1164 3206 victimarum
1179 3146 1317 3206 iocinera
1332 3146 1690 3222 replicataintrinsecus

410 3257 451 3317 ab
471 3257 535 3315 ima
556 3255 639 3314 fibra
661 3256 785 3330 reperta
807 3255 900 3328 sunt,
925 3269 1182 3329 responsumque
1202 3252 1439 3329 duplicaturum
1461 3252 1546 3312 intra
1567 3271 1688 3312 annum

409 3362 588 3440 imperium.
624 3362 728 3437 Caput
758 3362 905 3420 extorum
937 3360 1039 3420 tristis
1071 3361 1187 3420 ostenti
1208 3378 1336 3420 caesum
1358 3378 1486 3435 quoque
1507 3362 1571 3436 est,
1600 3377 1689 3435 prae-

409 3475 555 3547 terquam
586 3471 619 3528 in
651 3469 863 3529 sollicitudine
893 3487 930 3530 ac
962 3472 1063 3542 metu;
1093 3472 1171 3529 tunc
1198 3469 1281 3528 enim
1310 3469 1443 3544 peremit
1470 3485 1575 3528 curas.
1608 3468 1689 3526 Bina

410 3580 548 3639 iocinera
575 3576 738 3652 leporibus
766 3576 849 3636 circa
881 3576 1037 3635 Briletum
1065 3579 1095 3636 et
1122 3577 1282 3635 Tharnem
1311 3580 1342 3635 ct
1369 3577 1402 3634 in
1429 3575 1629 3635 Cherroneso
1649 3574 1690 3633 ad

411 3686 652 3761 Propontidem,
682 3683 881 3759 mirumque,
913 3684 1037 3743 tralatis
1066 3684 1127 3742 alio
1154 3684 1263 3742 interit
1288 3681 1461 3743 alterum.'’
1485 3715 1524 3722 -
1552 3683 1690 3757 Apparet

409 3794 507 3870 igitur
529 3795 624 3867 caput
644 3792 757 3851 iecoris
779 3808 843 3850 non
865 3791 977 3850 morbo
990 3792 1084 3867 oriri,
1110 3791 1212 3851 sedin
1227 3790 1315 3850 sanis
1330 3791 1522 3849 animalibus
1537 3790 1688 3849 inveniri:

410 3918 473 3958 non
495 3900 580 3958 enirn
602 3901 675 3957 ante
695 3897 832 3957 hostiam
854 3898 1049 3957 immolatam
1069 3897 1227 3973 sciebant,
1252 3898 1326 3972 quis
1339 3898 1420 3955 foret
1434 3897 1564 3956 habitus
1578 3897 1690 3972 capitis

410 4007 538 4081 iecoris,
574 4008 669 4079 atque
700 4005 846 4081 Augusto
877 4005 1054 4063 immolanti
1088 4022 1144 4064 sex
1177 4005 1302 4064 hostiae
1330 4004 1513 4063 habuerunt
1541 4007 1636 4079 caput
1656 4003 1689 4061 in

409 4130 515 4189 ecore,
550 4112 636 4187 quod
668 4128 746 4171 casu
781 4111 852 4170 lieri
884 4129 948 4170 non
981 4111 1093 4187 potuit.
1134 4111 1238 4186 Caput
1266 4112 1379 4170 iecoris
1409 4111 1507 4187 igitur
1535 4114 1583 4169 est
1613 4127 1689 4186 pars

409 4221 522 4279 iecoris
543 4219 705 4295 superior,
730 4218 861 4294 gibbera
882 4220 912 4277 et
933 4219 1081 4278 rotunda.

252 4438 305 4513 14,
333 4437 388 4498 332
411 4423 473 4503 qui
494 4441 595 4484 omne
617 4423 713 4501 qaod
734 4424 818 4483 essct
838 4439 949 4483 υιιυυι
971 4440 1041 4483 cccc
1062 4421 1276 4483 dicerunt-
1298 4423 1503 4498 Xenophanis
1519 4439 1590 4481 esse
1605 4423 1690 4497 patet

409 4551 448 4592 ex
479 4532 565 4592 Sext.
597 4532 689 4607 Emp.
716 4531 835 4607 Hypot.
860 4531 876 4588 Ι
898 4530 956 4590 225
978 4527 1163 4607 ἐδογμάτιζε
1271 4528 1305 4588 ἓν
1327 4525 1403 4589 εἶναι
1423 4525 1458 4588 τὸ
1479 4530 1543 4587 πᾶν
1563 4526 1617 4587 καὶ
1637 4524 1690 4588 τὸν

409 4636 487 4700 θεὸν
508 4642 641 4718 συμφυῆ
662 4641 725 4704 τοῖς
745 4639 847 4730 πᾶσιν.

252 4858 305 4932 14,
333 4856 388 4915 332
411 4843 575 4905 dicantur
605 4879 643 4886 —
674 4845 760 4921 lege:
796 4841 927 4903 dimini.
960 4843 1124 4902 Praecedit
1153 4843 1237 4901 enim
1267 4839 1376 4901 Stoici
1404 4839 1585 4919 ccclipcnt
1611 4844 1642 4900 ct
1663 4841 1690 4899 si

411 4952 576 5028 passivum
597 4955 702 5027 tenea,
727 4950 942 5010 anacoluthon
963 4953 1027 5025 est,
1053 4950 1093 5009 cf.
1118 4946 1265 5009 inflatas
1284 4946 1404 5025 rumpi
1424 4947 1599 5009 aesimeles.

252 5160 306 5237 16,
333 5162 388 5221 37:
410 5148 574 5210 interitus
594 5151 699 5228 atquc
720 5147 836 5210 obitas
857 5184 894 5190 —
918 5149 1066 5208 Davisius
1085 5147 1216 5207 coniecit
1234 5144 1416 5206 interitum
1433 5147 1539 5224 atquc
1557 5147 1687 5223 ortam,

410 5259 496 5347 quod
517 5259 583 5320 mi.
608 5260 751 5337 praestat
772 5257 897 5318 lectioni
919 5274 1017 5335 quam
1039 5255 1073 5317 C.
1089 5255 1123 5316 F.
1136 5255 1185 5315 W.
1210 5254 1364 5314 Miillerus
1382 5254 1415 5314 iu
1433 5255 1555 5314 textum
1575 5253 1691 5334 recepit
