4125 6300
1043 787 1080 855 52

422 973 611 1059 όιγισθέντα,
648 974 892 1060 ἕποφθαλμίσας
927 985 972 1062 τῷ
1008 980 1138 1062 χρυσίῳ
1175 978 1236 1044 εἶτα
1274 978 1399 1063 ἔμελλεν
1435 980 1613 1064 ἐκκομίζειν
1648 982 1700 1067 ἐφ’

421 1086 547 1166 ἁμάξης
577 1086 717 1168 ἀγούσης
748 1087 887 1167 κόπρον,
918 1088 1113 1170 ύποκρύιγας
1144 1090 1177 1151 ἐν
1205 1090 1299 1171 ταύτῃ
1328 1090 1381 1153 τὸν
1407 1093 1653 1172 πεφονευμένον.
1682 1093 1701 1174 ἦ

421 1194 524 1255 τοίνυν
550 1194 639 1275 ψυχὴ
669 1200 724 1257 τοῦ
752 1196 924 1265 τεθνεῶτος
952 1196 1110 1276 ἐφίσταται
1135 1196 1282 1276 Μεγαρεῖ
1306 1198 1376 1269 τινί,
1405 1198 1458 1259 καί
1485 1198 1565 1278 λέγει
1591 1198 1650 1261 ὅσα
1671 1222 1703 1261 τε

420 1300 522 1362 ἔπαθε
551 1300 604 1363 καί
636 1301 692 1382 ὑφ’
727 1302 818 1374 ὅτου,
850 1302 903 1364 καί
932 1302 1023 1372 ὅπως
1051 1304 1278 1383 ἐκκομίζεσθαι
1305 1304 1413 1383 μέλλοι
1434 1304 1488 1367 καί
1509 1305 1588 1367 κατὰ
1609 1307 1703 1375 ποίας

419 1514 473 1575 καί
502 1514 735 1595 παραφυλάξας
766 1521 820 1577 τοῦ
852 1517 984 1595 ζεύγους
1015 1516 1199 1596 ἐπελάβετο,
1230 1517 1283 1578 καὶ
1311 1516 1471 1598 ἀνίχνευσε
1498 1516 1551 1581 τὸν
1578 1520 1700 1598 νέκρον.

419 1620 473 1682 καί
493 1621 512 1683 ό
532 1621 591 1701 μέν
611 1622 728 1702 ἐτάφη,
750 1622 768 1684 ὁ
790 1622 825 1684 ἀὲ
846 1622 1016 1703 ἐκολάσθη.
1040 1626 1087 1685 cf.
1113 1625 1181 1685 Val.
1205 1627 1289 1685 Max.
1315 1624 1331 1684 I
1354 1627 1387 1701 7,
1413 1626 1451 1684 10
1471 1629 1534 1686 ext.

259 1845 314 1921 28,
339 1846 393 1905 59:
416 1843 607 1907 Sallustius
627 1880 665 1888 -
686 1847 808 1906 amicus
830 1847 991 1907 Ciceronis
1012 1848 1053 1906 de
1072 1864 1138 1921 quo
1154 1848 1223 1923 ipse
1241 1847 1365 1907 Tullius
1384 1865 1433 1923 cp.
1451 1849 1492 1907 ad
1510 1848 1586 1907 iam.
1604 1848 1657 1924 62,
1682 1848 1699 1909 6

420 1951 481 2029 (ed.
503 1953 616 2029 Tyrrel
632 1954 695 2012 and
715 1951 865 2029 Purser):
888 1952 1089 2028 „Sallustius
1104 1953 1210 2013 officio
1226 1954 1323 2014 vincit
1337 1952 1486 2013 omnes’'
1512 1953 1699 2014 Sallustium

417 2058 636 2134 philosophiae
666 2059 846 2118 studiosum
878 2060 979 2119 luisse
1009 2061 1111 2134 patet,
1146 2076 1211 2118 non
1239 2061 1345 2118 tamen
1374 2059 1417 2119 ita
1446 2066 1481 2119 ut
1509 2060 1578 2119 eius
1607 2061 1699 2119 stilus

418 2164 561 2225 Ciceroni
589 2166 747 2241 placuisse
775 2166 865 2225 visus
894 2166 951 2241 sit,
983 2166 1022 2225 cl.
1048 2166 1088 2225 ad
1117 2166 1144 2235 Q
1172 2166 1211 2225 fr.
1236 2167 1271 2241 2,
1303 2166 1338 2241 9,
1370 2166 1388 2225 3
1419 2165 1518 2243 (anno
1539 2164 1610 2243 54):
1639 2166 1700 2227 scd

416 2288 493 2331 cum
516 2272 581 2349 <ad
602 2271 858 2347 umbilicum>
879 2270 1011 2333 acueris
1031 2270 1146 2332 uirum
1169 2274 1200 2333 te
1214 2270 1366 2349 puta60,
1390 2270 1422 2333 si
1439 2271 1602 2333 Sallustii
1619 2271 1698 2333 Ευι-

411 2376 579 2454 pedociea
606 2377 728 2457 leperis
755 2376 930 2439 homiuem
957 2396 1029 2439 aaa
1051 2378 1208 2457 putaba·
1235 2380 1369 2454 eiusque
1396 2380 1563 2441 consilium
1590 2380 1698 2440 Cicero

416 2487 542 2562 rogavit
574 2487 608 2546 in
645 2487 871 2561 componendis
906 2486 1058 2561 oporibus
1094 2487 1162 2545 suis
1197 2488 1238 2545 de
1271 2486 1470 2561 philosophia
1502 2488 1542 2546 ol.
1576 2488 1698 2546 Teuiiel

417 2595 453 2653 R.
479 2594 512 2653 L.
537 2593 574 2654 G.
599 2592 709 2666 1370;
735 2593 859 2652 Schanz
881 2594 918 2651 R.
943 2594 977 2651 L.
1002 2592 1040 2653 G.
1065 2594 1081 2651 I
1103 2611 1133 2668 p.
1160 2592 1226 2652 191.

256 2811 312 2886 29,
337 2810 393 2871 60:
416 2806 494 2868 aide
522 2783 609 2885 quid
634 2806 791 2869 Socrates
812 2807 850 2869 iu
872 2806 1031 2868 Platouis
1053 2804 1203 2867 Politeia
1225 2806 1392 2885 loquatur
1411 2839 1451 2849 —
1473 2808 1582 2868 Cicero
1603 2808 1697 2867 vertit

417 2916 498 2974 Plat.
518 2916 584 2974 Pol.
604 2916 649 2973 1x
671 2916 687 2975 1
712 2914 756 2992 (p.
778 2916 834 2975 571
856 2914 894 2990 O)
918 2915 974 2974 sed
993 2932 1057 2974 non
1076 2915 1116 2974 ad
1136 2914 1280 2974 verbum.
1302 2916 1437 2973 Frustra
1457 2915 1541 2973 enim
1559 2931 1696 2989 quaeras

416 3022 536 3082 Graeca
573 3022 671 3082 verba
708 3040 767 3098 pro
808 3023 848 3081 iis
885 3040 969 3097 quae
1004 3022 1128 3081 Tullius
1167 3022 1241 3081 dicit
1278 3040 1296 3081 a
1328 3038 1478 3098 quorum
1509 3022 1698 3099 utrumque

416 3147 520 3207 usque
557 3130 597 3190 ad
636 3127 769 3203 afflui13
809 3130 865 3190 sed
903 3130 990 3206 apud
1030 3130 1194 3189 Platonem
1231 3129 1368 3206 legimus
1401 3130 1572 3205 nonnulla,
1613 3146 1696 3204 quae

416 3238 525 3297 Cicero
550 3238 583 3296 in
605 3238 752 3296 versione
772 3237 954 3312 praeteriit:
983 3234 1197 3314 ἀπωσάμενον
1218 3233 1272 3294 τὸν
1292 3233 1392 3295 ύπνον
1413 3269 1450 3276 -
1472 3234 1645 3314 βρωματός
1665 3257 1696 3296 τε

415 3341 589 3423 ἀπέχεσθαι
609 3341 748 3423 μηάενός
769 3377 807 3385 -
829 3343 871 3410 είς
891 3342 1039 3404 σύννοιαν
1060 3339 1154 3410 αὐτὸς
1175 3340 1263 3421 αὑτῷ
1283 3339 1479 3421 ἀφικόμενος
1493 3375 1532 3385 -
1545 3341 1636 3410 ὅπως
1656 3342 1695 3402 ἀν

414 3449 560 3530 κοιμηθῇ
580 3448 634 3510 καί
653 3448 698 3529 μὴ
721 3449 844 3529 παρέχη
866 3447 1012 3527 θόρυβον
1032 3457 1078 3528 τῴ
1098 3447 1245 3527 βελτίστῳ
1265 3452 1377 3528 χαῖρον
1398 3449 1417 3528 ἢ
1439 3446 1640 3525 λυπούμενον
1657 3483 1694 3490 -

414 3555 481 3618 ἀλλ’
514 3557 551 3637 έᾷ
582 3555 659 3618 αὐτὸ
690 3555 768 3617 καθ’
802 3555 879 3617 αὐτὸ
906 3554 1007 3634 μόνον
1036 3552 1184 3634 καθαρόν
1212 3559 1340 3617 σκοπεῖν
1367 3554 1421 3615 καί
1449 3553 1616 3634 ὀρέγεσθαι
1638 3558 1692 3616 τοῦ

413 3663 622 3726 αἰσθάνεσθαι
643 3664 661 3724 ὃ
681 3663 726 3744 μὴ
750 3661 848 3734 οῖάεν,
870 3663 890 3743 ἤ
911 3686 937 3724 τι
958 3667 1022 3724 τῶν
1044 3661 1231 3741 γεγωνότων
1252 3663 1271 3741 ἢ
1294 3661 1396 3724 ὄντων
1411 3663 1430 3742 ἢ
1446 3661 1499 3723 καί
1512 3661 1692 3742 μελλόντων

413 3769 466 3832 καί
493 3771 538 3850 μή
567 3794 642 3833 τισιν
669 3771 712 3839 είς
739 3769 838 3849 ὀργὰς
865 3769 971 3831 ε’λθὼν
992 3769 1191 3848 κεκινημένῳ
1212 3775 1258 3848 τῷ
1289 3768 1390 3848 θυμῷ
1410 3768 1556 3849 καθεύδῃ
1578 3803 1617 3812 -
1638 3767 1691 3830 καὶ

412 3878 522 3959 ἥκιστα
539 3877 733 3956 Ιπαράνομοι.

253 4096 308 4171 30,
333 4096 389 4156 62:
413 4091 659 4172 Pythoporicis
679 4091 905 4153 interdictum
920 4093 1089 4169 putatur,
1116 4108 1158 4151 ae
1178 4089 1262 4151 faba
1283 4091 1497 4151 rearmatur
1511 4124 1550 4133 —
1572 4090 1691 4151 Gellius

411 4203 449 4261 N.
473 4204 508 4261 A.
533 4203 592 4277 IV,
625 4202 660 4260 11
700 4201 783 4261 hanc
821 4200 1002 4276 opinionem
1042 4199 1203 4260 Ciceronis
1242 4199 1442 4273 aliorumque
1475 4197 1590 4257 falsam
1621 4215 1692 4257 esse

412 4309 571 4384 perhibet,
596 4308 783 4368 auctoritate
804 4308 906 4366 fretus
928 4306 1086 4382 imprimis
1107 4306 1320 4365 Aristoxenis:
1350 4301 1552 4381 Πυθαγόρας
1573 4301 1607 4363 ἀὲ
1630 4306 1691 4363 τῶν

333 4397 362 4427 '⁸
411 4413 554 4492 ὀσπρίων
584 4413 715 4492 μάλιστα
747 4412 800 4474 τὸν
831 4412 958 4490 κύαμον
989 4411 1186 4489 ἐδοκίμασεν·
1218 4409 1286 4471 λίαν
1317 4409 1475 4490 κινητικόν
1508 4408 1691 4488 (λειάντικύν

410 4540 491 4582 corr.
517 4520 629 4598 Cobet)
656 4543 686 4582 τε
715 4515 788 4598 γὰρΙ
803 4517 880 4580 εἶναι
905 4518 959 4580 καί
981 4516 1222 4598 ἀιαχωρητικόν.
1245 4515 1370 4578 διὸκαὶ
1390 4516 1522 4596 μάλιστα
1543 4517 1690 4597 κέχρηται

409 4627 498 4708 αὐτῷ
520 4629 622 4707 (uua
643 4630 675 4688 11
697 4627 783 4705 273).

249 4836 304 4913 30,
329 4837 385 4897 63:
409 4853 486 4896 cum
519 4833 662 4895 omuiua
695 4850 838 4911 corpore
868 4831 1050 4894 accesserit.
1088 4831 1212 4909 Itaque
1242 4829 1551 4908 appropinquante
1580 4831 1690 4891 morte

409 4941 520 5003 multo
545 4943 594 5003 cst
615 4940 778 5002 diuiuior.
803 4974 841 4982 —
871 4941 1040 5000 Posidonio
1061 4956 1252 5015 persuasum
1274 4942 1342 4998 erat
1363 4956 1480 5013 corpus
1501 4937 1688 4997 divinationi

408 5050 536 5110 obstare
559 5049 611 5127 (cf.
638 5047 683 5127 ἐξ
707 5050 762 5108 111
785 5052 815 5107 et
839 5046 925 5124 114),
950 5049 1005 5107 sed
1027 5046 1166 5106 hominis
1187 5047 1330 5106 animum
1351 5046 1409 5104 deo
1429 5063 1499 5104 esse
1516 5047 1688 5120 cognatum

410 5157 470 5237 (ἐς
500 5158 537 5218 64
563 5161 593 5217 et
622 5156 691 5234 109)
714 5158 873 5230 deumque
893 5157 1000 5215 omnia
1021 5157 1144 5230 tenere,
1175 5170 1258 5229 quae
1278 5155 1388 5212 futura
1409 5157 1517 5213 essent
1540 5151 1575 5230 (ὅ
1600 5151 1670 5229 127)
1677 5169 1686 5226 ;

408 5267 537 5326 divinus
553 5266 613 5325 hoc
627 5266 696 5324 loco
710 5265 794 5323 idem
810 5267 857 5323 est
874 5281 910 5323 ac
925 5264 984 5322 deo
998 5265 1168 5338 cognatus,
1190 5265 1349 5339 quatenus
1360 5263 1470 5321 lutura
1482 5262 1684 5337 praesentiat.
