4125 6300
998 780 1035 847 61

374 971 645 1051 Ι111110001111111111.
670 972 882 1053 Hottingerus
902 974 1006 1036 locum
1027 974 1272 1051 interpretatur:
1295 978 1356 1053 „ut
1378 976 1471 1037 antea
1492 974 1524 1037 in
1543 977 1656 1038 senatu

376 1084 458 1143 01111
482 1084 628 1143 contione
648 1084 757 1159 populi
778 1083 818 1142 de
840 1078 1097 1159 singulis'rebus
1120 1082 1309 1143 sententiam
1330 1083 1434 1143 dicere
1455 1084 1654 1161 solebamuS,

376 1191 419 1250 ita
441 1208 528 1251 nunc
548 1191 631 1250 idem
653 1190 788 1250 facimus
809 1190 842 1248 in
864 1188 992 1249 libris.”

257 1376 292 1450 2,
321 1376 354 1435 7:
377 1375 546 1454 quoniam
567 1376 609 1437 de
628 1375 807 1453 republica
828 1374 963 1437 consuli
983 1373 1096 1453 coepti
1115 1392 1237 1437 summ
1262 1410 1302 1419 -
1326 1377 1366 1437 of.
1388 1377 1427 1437 de
1444 1377 1499 1437 011.
1521 1378 1655 1454 111,3:

377 1482 491 1561 Atque
517 1482 656 1545 utinam
682 1501 737 1545 res
759 1481 905 1560 publica
931 1481 1094 1559 stetisset,
1128 1500 1196 1562 quo
1224 1486 1397 1562 caeperat,
1421 1486 1518 1546 statu
1538 1501 1598 1546 nec
1618 1484 1657 1545 in

375 1590 531 1651 barnines
557 1607 629 1651 non
658 1592 731 1651 tam
759 1589 1090 1651 commutandarum
1119 1606 1226 1669 quam
1255 1591 1516 1653 evertendarum
1540 1609 1656 1653 rerum

376 1696 522 1775 cupidos
552 1696 752 1759 incidisset!
790 1695 949 1758 Primum
980 1696 1090 1774 enim,
1127 1698 1168 1759 ut
1197 1699 1312 1759 stante
1341 1696 1519 1776 republica
1549 1699 1658 1761 tacere

374 1803 585 1881 solebamus,
609 1802 648 1865 in
669 1804 805 1882 apendo
822 1801 907 1881 plus
926 1820 1033 1883 quam
1048 1802 1087 1864 in
1101 1802 1282 1864 scribendo
1298 1822 1423 1883 operae
1430 1822 1654 1882 poneremus,

376 1909 501 1972 deinde
527 1910 615 1989 ipsis
640 1908 781 1987 scriptis
809 1926 881 1971 non
909 1927 966 1986 ea,
999 1928 1089 1988 quae
1116 1927 1224 1986 nunc,
1255 1910 1494 1972 seductiones
1518 1913 1658 1973 nostras

376 2017 639 2094 mandaremus,
664 2018 704 2077 ut
724 2035 825 2096 saepe
844 2016 995 2079 fecimus.
1036 2015 1121 2078 (lum
1143 2019 1260 2078 autem
1280 2035 1334 2079 res
1348 2016 1508 2096 publica,
1533 2017 1571 2080 in
1587 2037 1658 2097 qua

376 2124 490 2187 omnis
520 2142 597 2186 mea
627 2142 728 2201 cura,
770 2122 955 2202 capitatio,
998 2141 1105 2202 opera
1130 2123 1222 2201 poni
1253 2123 1400 2201 solebat,
1442 2124 1543 2186 nulla
1574 2130 1658 2188 esset

376 2230 536 2308 omnino,
561 2230 644 2293 illae
664 2231 792 2294 scilicet
814 2230 950 2293 litterae
971 2228 1211 2293 cantianorunt
1231 2232 1382 2293 forenses
1402 2234 1435 2294 et
1448 2233 1654 2295 senatoriae.

375 2341 404 2399 4.
435 2337 536 2399 Ntbil
561 2355 662 2417 apere
675 2341 799 2427 ⁴autem
820 2355 898 2400 cum
919 2337 1062 2399 animus
1081 2356 1153 2399 non
1168 2336 1304 2416 posset,
1329 2337 1368 2399 in
1388 2338 1444 2400 bis
1463 2340 1593 2402 studiis
1613 2341 1657 2401 ab

375 2443 480 2507 initio
514 2448 669 2507 uersatus
701 2444 829 2507 aetatis
858 2442 1053 2506 existimaui
1082 2443 1322 2506 honestissime
1351 2445 1530 2507 molestias
1555 2464 1658 2525 posse

377 2551 506 2629 deponi
513 2599 521 2629 ,
545 2551 578 2613 si
598 2569 651 2613 mc
673 2551 721 2613 ad
737 2550 1001 2629 philosophiam
1021 2549 1241 2613 rettulissem.
1267 2554 1325 2613 cet.

235 2749 271 2824 4,
300 2731 356 2808 112'
375 2741 544 2804 mentiens
570 2760 596 2803 s.
627 2740 828 2821 ψευδόμενος
855 2743 933 2818 quid
963 2744 1005 2802 sit
1032 2744 1123 2803 docet
1151 2744 1215 2804 010.
1247 2743 1300 2803 Ac.
1325 2742 1359 2803 II
1387 2743 1425 2804 00
1452 2742 1485 2804 si
1510 2742 1598 2804 dicis
1627 2746 1658 2805 te

375 2848 517 2911 mentiri
557 2866 743 2927 uerumque
783 2848 887 2926 dicis,
932 2848 1101 2911 mentiris.
1147 2848 1235 2911 diois
1273 2852 1389 2911 autem
1429 2852 1460 2911 te
1496 2850 1653 2929 mentiri,

375 2974 560 3035 uerumque
581 2954 688 3018 dicis:
708 2955 868 3017 mentiris
888 2955 1009 3035 ipitnr.

235 3153 269 3226 5,
299 3150 353 3209 12:
377 3142 458 3205 bene
478 3142 651 3222 optimum
672 3177 709 3186 —
732 3144 795 3204 010.
821 3144 914 3204 vertit
935 3143 1093 3205 Graecum
1116 3130 1245 3204 versum
1269 3144 1449 3221 Euripidis,
1474 3146 1560 3221 apud
1583 3146 1656 3205 Plu·

374 3252 522 3312 tarchum
542 3254 583 3312 de
602 3269 649 3312 ο1.
673 3251 735 3310 det.
760 3270 786 3311 c.
811 3251 850 3312 40
872 3270 902 3327 p.
927 3251 985 3311 432
1008 3251 1064 3312 0.;

653 3382 763 3462 μάντις
784 3383 814 3444 b'
837 3383 962 3462 ἄριστος
983 3383 1066 3451 ὅστις
1086 3383 1201 3456 εἰκάζει
1221 3382 1337 3453 καλῶς.

375 3519 423 3580 01.
447 3521 487 3579 de
508 3519 601 3596 Pyth.
625 3535 671 3578 or.
696 3537 722 3578 c.
748 3519 786 3577 10
807 3537 838 3594 p.
862 3518 954 3578 3990.

235 3721 270 3796 6,
299 3721 353 3780 17;
376 3707 476 3783 1000,
510 3706 663 3768 subiecta
692 3708 799 3785 atque
828 3704 993 3785 opposita
1022 3704 1105 3782 soli,
1141 3703 1272 3767 nostris
1299 3703 1409 3769 oculis
1437 3704 1511 3767 eius
1540 3705 1655 3767 lumen

374 3812 535 3874 obscurat
570 3848 600 3856 -
635 3814 675 3873 01.
710 3813 772 3874 (iic.
807 3815 847 3872 de
877 3816 942 3872 nat.
977 3813 1064 3872 deor.
1096 3811 1130 3871 II
1157 3812 1213 3887 40,
1246 3812 1322 3872 103:
1358 3811 1444 3873 luna
1579 3830 1656 3874 eam

376 3918 498 3996 lucem,
524 3937 631 3998 quam
652 3936 675 3980 a
694 3917 767 3980 sobe
786 3917 916 3996 accepit
937 3917 1062 3994 mittit,
1087 3917 1125 3979 in
1148 3920 1258 3979 terras
1278 3920 1311 3979 et
1331 3917 1449 3979 uarias
1470 3917 1549 3996 ipsa
1570 3918 1657 3981 lucis

374 4027 586 4089 mutationes
606 4026 723 4103 babet,
755 4028 860 4104 atque
881 4025 986 4087 etiam
1009 4027 1083 4086 tum
1104 4024 1258 4087 subiecta
1278 4028 1384 4103 atque
1405 4025 1568 4104 opposita
1588 4026 1657 4087 soli

373 4133 496 4196 radios
517 4132 591 4196 eius
611 4135 643 4195 et
665 4132 780 4195 lumen
801 4133 970 4195 obscurat.
1059 4147 1061 4153 ·

235 4336 270 4410 7,
300 4335 354 4394 192
376 4319 513 4382 dicebas
540 4319 661 4381 omnia
783 4319 857 4380 tato
883 4285 1055 4380 contineri
1075 4353 1112 4362 —
1140 4321 1156 4379 I
1179 4318 1198 4397 ξ
1223 4319 1280 4379 125
1301 4316 1382 4379 fieri
1401 4316 1514 4396 ipitur
1534 4317 1656 4379 omnia

374 4428 448 4488 tato
468 4426 562 4488 ratio
584 4425 677 4505 capit
696 4424 809 4487 fateri.

233 4630 270 4705 9,
298 4629 353 4702 223
376 4632 466 4692 quae
493 4613 584 4675 enim
611 4612 685 4675 uita
710 4612 832 4674 luisset
859 4611 1002 4673 Priamo
1031 4645 1071 4654 -
1099 4613 1138 4673 01.
1163 4612 1241 4673 0011.
1266 4613 1329 4671 ΝΑ.
1356 4613 1428 4672 XIV
1450 4610 1470 4689 ξ
1493 4612 1549 4672 36:
1573 4616 1654 4688 „aut

374 4725 526 4799 adversa,
556 4723 661 4798 inquit
690 4719 747 4798 (00.
779 4719 991 4798 Favorinus),
1022 4723 1177 4780 eventura
1206 4721 1316 4780 dicunt
1345 4723 1400 4779 aut
1422 4737 1585 4796 prospera.
1620 4720 1653 4779 Si

374 4831 484 4891 dicunt
504 4848 658 4906 prospera
679 4832 709 4889 01
730 4830 860 4905 fallunt,
885 4829 1063 4888 miseritos
1084 4829 1207 4887 trustra
1229 4828 1434 4912 expectando.
1462 4826 1496 4886 si
1517 4828 1654 4886 adversa

373 4939 483 4998 dicunt
510 4940 541 4997 01
568 4938 783 5012 mentiuntur,
814 4938 911 4996 miser
937 4937 996 4997 1100
1024 4936 1147 4995 frustra
1174 4935 1329 5008 timend0;
1354 4935 1404 4993 sin
1427 4951 1502 4992 vera
1524 4951 1654 5008 respon·

260 5021 264 5026 ’
373 5045 448 5106 dent
485 5063 587 5119 eaque
621 5046 697 5103 011111
729 5062 793 5103 non
825 5061 995 5119 prospera,
1037 5044 1101 5102 iam
1132 5043 1206 5102 inde
1238 5060 1277 5102 ex
1310 5042 1416 5101 animo
1447 5041 1543 5100 1111001
1574 5041 1649 5116 1100,

373 5156 544 5227 antequam
565 5170 582 5211 0
603 5153 669 5212 1010
690 5153 765 5226 1100;
788 5152 815 5210 01
836 5151 937 5211 1011010
958 5151 1148 5226 promittunt
1169 5167 1270 5224 eaque
1291 5151 1444 5208 eventura
1468 5150 1559 5222 sunt,
1584 5151 1653 5206 tum
1737 5183 1738 5186 =

367 5262 467 5338 'plane
486 5261 551 5319 duo
568 5262 663 5320 erunt
680 5258 897 5319 incommoda:
920 5260 950 5318 01
968 5258 1143 5335 expectatio
1161 5260 1192 5317 10
1209 5256 1276 5332 spei
1294 5272 1488 5330 suspensum
1507 5255 1653 5330 fatigabit
