4125 6300
980 773 1019 836 29

358 982 376 1025 0
403 963 533 1025 Platone
555 962 665 1025 Latine
686 962 842 1042 expressit
853 962 899 1041 1).·
921 964 985 1024 Nec
1005 968 1112 1023 tamen
1135 961 1359 1024 Hartielderus
1381 967 1476 1040 negat
1499 961 1640 1024 Platonis

359 1074 546 1132 sententiam
568 1073 631 1132 iam
654 1090 672 1131 a
695 1072 864 1131 Posidonio
885 1089 956 1131 esse
976 1072 1108 1131 relatam
1130 1076 1160 1131 et
1181 1073 1255 1131 inde
1276 1090 1293 1131 a
1313 1073 1463 1133 Cicerone
1477 1072 1636 1132 haustam.

358 1180 441 1248 Quid
457 1180 554 1256 igitur
569 1180 626 1255 sit,
652 1197 709 1238 cur
725 1179 847 1238 Philisti
862 1179 1005 1254 exempla
1021 1179 1171 1238 historica
1187 1179 1405 1254 potiusquam
1421 1180 1481 1239 alia
1496 1180 1639 1256 exempla

358 1287 443 1362 apud
466 1304 573 1346 rerum
596 1288 780 1362 scriptorem
803 1286 1044 1361 investigaverit
1062 1286 1202 1361 Tullius,
1228 1303 1291 1345 non
1311 1287 1415 1345 video:
1433 1287 1639 1345 Posidonium

357 1394 457 1469 enim,
482 1394 509 1453 si
531 1393 591 1452 alia
612 1393 771 1468 exhibuit,
796 1393 874 1451 haee
895 1410 1023 1468 quoque
1044 1393 1228 1451 exhibuisse
1248 1393 1494 1451 existimandum
1518 1396 1575 1452 est.

399 1498 640 1576 Maassius2)
663 1500 798 1559 miratus
812 1502 874 1575 001,
900 1500 986 1574 quod
1003 1500 1226 1559 Hartielderus
1241 1500 1285 1558 nil
1300 1500 1433 1558 dixisset
1447 1501 1486 1559 de
1502 1500 1636 1576 Boetho,

358 1608 412 1682 qui
441 1611 546 1666 tamen
569 1608 730 1667 Ciceronis
752 1608 825 1665 fons
847 1624 918 1665 esse
940 1607 1102 1665 videretur
1124 1606 1139 1664 Ι
1162 1624 1187 1665 c.
1214 1607 1231 1665 7
1254 1604 1274 1683 §
1299 1607 1335 1666 13
1358 1607 1390 1665 Il
1412 1624 1437 1665 c.
1465 1608 1502 1665 70
1525 1605 1544 1684 ξ
1571 1608 1636 1667 145.

361 1713 423 1772 Sed
446 1714 600 1772 Boethum
620 1731 684 1772 non
701 1716 825 1773 constat
839 1732 857 1771 a
873 1713 1024 1773 Cicerone
1038 1729 1109 1771 esse
1123 1712 1197 1771 alibi
1212 1712 1407 1788 adhibitum,
1433 1714 1638 1773 Posidonium

358 1823 497 1895 constat,
522 1838 622 1896 quare
643 1822 670 1879 si
690 1818 707 1879 I
730 1818 749 1897 ξ
769 1820 804 1879 13
826 1838 931 1878 sermo
952 1824 1000 1877 est
1021 1820 1061 1878 de
1083 1820 1179 1878 rebus
1201 1837 1318 1896 „quae
1338 1819 1377 1879 ire
1397 1818 1491 1879 mari
1508 1820 1641 1881 0001000

357 1925 522 2002 ficreni,’'
556 1946 620 1986 non
652 1928 758 2002 potius
791 1928 911 1986 Boetho
943 1944 1040 2001 quam
1072 1927 1242 1985 Posidonio
1270 1928 1348 1986 haee
1375 1928 1490 1987 debere
1516 1928 1639 1987 Tullius

359 2035 499 2109 videtur,
532 2052 606 2093 nam
634 2037 768 2108 uterque
789 2035 828 2093 de
849 2035 908 2093 hac
930 2051 965 2092 re
985 2034 1113 2108 scripsit
1136 2032 1188 2110 (cf.
1214 2033 1247 2091 ΙΙ
1269 2052 1294 2093 0.
1320 2034 1358 2093 20
1382 2032 1400 2111 ξ
1424 2033 1487 2111 47).
1519 2036 1639 2095 Eodem
1724 2028 1729 2037 ’

358 2142 452 2200 modo
480 2141 566 2200 nulla
595 2158 692 2201 causa
720 2144 768 2199 est
796 2159 854 2201 cur
875 2141 908 2198 ΙΙ
933 2139 952 2217 ,ξ
977 2141 1033 2200 145
1057 2142 1181 2223 Boetho,
1197 2142 1304 2217 potius
1326 2159 1422 2216 quam
1446 2142 1640 2203 Clitomacho

357 2248 554 2323 tribuamuS,
586 2249 661 2323 quia
689 2249 905 2308 Clitomachus
936 2246 984 2324 (ut
1013 2250 1122 2322 postea
1153 2246 1345 2324 videbimus)
1371 2249 1444 2307 fons
1466 2250 1639 2325 primarius

358 2354 429 2412 libri
451 2355 582 2413 secundi
603 2358 651 2413 est
673 2372 777 2429 neque
799 2355 940 2413 Boethus
962 2354 1037 2413 alibi
1058 2354 1091 2412 in
1113 2355 1133 2412 l.
1159 2355 1208 2429 II,
1236 2355 1322 2428 quod
1344 2355 1459 2431 sciam,
1484 2356 1557 2415 1000
1578 2361 1636 2416 001.

399 2461 586 2538 Hoyeri3)
619 2462 808 2521 sententiam
839 2462 879 2520 de
909 2461 1037 2520 duobus
1068 2461 1158 2519 libris
1190 2462 1286 2519 simul
1313 2463 1547 2539 promulgatam
1575 2464 1638 2522 iam

359 2586 444 2627 nunc
472 2572 609 2627 tractare
636 2571 762 2643 tempus
791 2571 848 2627 est.
881 2568 1132 2643 Dispositonem,
1164 2586 1261 2643 quam
1282 2569 1334 2627 ille
1355 2569 1508 2628 Antiocho
1528 2570 1639 2630 tribuit

359 2676 444 2749 apud
466 2675 648 2734 Ciceronem
671 2675 704 2733 Il
728 2673 748 2752 ς
771 2675 789 2734 9
811 2691 881 2750 sqq.
907 2674 1082 2733 Carneadis
1104 2692 1175 2733 esse
1195 2674 1346 2750 legimus,
1373 2693 1475 2750 neque
1489 2676 1541 2736 illa
1558 2678 1639 2737 valet
1738 2712 1741 2717 -

359 2782 419 2840 nisi
441 2782 480 2840 de
501 2782 560 2841 hac
581 2782 714 2841 secundi
734 2781 806 2840 libri
827 2773 926 2856 parte.
951 2781 1058 2849 Quare
1080 2799 1144 2839 non
1160 2781 1341 2840 mirandum
1356 2786 1405 2841 est
1418 2800 1472 2841 eas
1488 2786 1639 2857 quattuor

358 2891 465 2963 partes
494 2890 588 2947 A-nD
613 2906 677 2946 non
699 2905 810 2946 omnes
831 2888 864 2946 in
886 2888 906 2945 1.
932 2888 1105 2946 Iinveniri
1127 2891 1172 2963 et,
1204 2891 1240 2946 ut
1262 2889 1302 2946 H.
1328 2888 1472 2963 perhibet
1496 2890 1539 2965 (p.
1565 2889 1638 2967 57),

359 2996 382 3055 C
411 2998 441 3054 01
470 2996 497 3053 D
524 2996 646 3054 abesse.
677 2996 787 3070 Neque
815 3012 926 3053 verum
955 2998 1003 3053 est
1032 2995 1215 3054 Ciceronem
1238 2996 1253 3053 l
1277 2992 1296 3071 ξ
1320 2995 1358 3054 52
1379 2996 1419 3054 de
1439 2997 1638 3072 philosophia

358 3119 452 3179 agere
472 3102 610 3178 incipere
633 3100 686 3179 (de
703 3104 793 3178 parte
808 3100 862 3179 C):
878 3120 953 3162 nam
969 3104 1093 3162 somnia
1109 3103 1369 3179 philosophorum
1386 3104 1429 3163 ibi
1445 3107 1636 3183 narrantur,

357 3210 397 3269 de
421 3211 543 3285 quibus
569 3211 630 3269 iam
661 3227 760 3285 supra
791 3209 834 3287 (p.
859 3208 912 3286 22)
942 3211 1017 3269 dixi.
1049 3211 1159 3285 Neque
1186 3211 1334 3287 intellego
1362 3229 1444 3286 quae
1466 3212 1639 3272 similitudo

357 3318 439 3376 inter
467 3320 589 3392 partem
619 3318 645 3375 D
673 3320 702 3375 et
731 3317 746 3374 I
777 3314 796 3393 ξ
826 3317 864 3376 95
889 3317 939 3375 sit.
972 3318 1041 3376 Hoc
1062 3318 1146 3376 enim
1167 3319 1235 3377 loco
1258 3320 1411 3377 nonnulla
1433 3319 1639 3379 divinationis

358 3443 474 3500 genera
495 3425 527 3482 in
550 3427 681 3499 optuma
699 3441 827 3498 quaque
842 3424 1016 3499 republica
1035 3423 1080 3501 (id
1095 3428 1143 3484 est
1158 3423 1296 3498 civitate)
1314 3427 1454 3486 valuisse
1468 3428 1635 3504 dicuntur,

358 3533 414 3591 sed
441 3533 474 3591 in
502 3532 583 3590 libro
611 3532 752 3592 secundo
780 3532 889 3590 nullus
916 3533 1006 3591 locus
1027 3532 1216 3590 divinationi
1237 3550 1307 3591 esse
1327 3535 1495 3610 narratur,
1524 3534 1579 3593 ubi
1600 3536 1640 3593 de

358 3657 392 3697 re
419 3640 545 3715 publica
575 3637 658 3715 (1.0.
690 3639 729 3698 de
758 3642 826 3698 arte
852 3637 991 3714 politica)
1015 3657 1067 3697 res
1089 3641 1146 3698 est.
1177 3639 1409 3698 Vocabulorum
1434 3642 1639 3701 similitudine

357 3747 494 3806 fortasse
522 3748 571 3805 vir
599 3747 711 3806 doctus
739 3747 869 3806 erravit.
899 3747 963 3806 Nec
985 3747 1115 3821 Hoyero
1135 3747 1272 3806 concedo
1294 3748 1309 3810 1
1333 3745 1352 3824 ἓ
1377 3748 1431 3807 111
1456 3749 1637 3808 Ciceronem

357 3856 467 3913 contra
495 3854 722 3913 divinationem
752 3854 849 3912 verba
876 3853 993 3912 iacere:
1016 3854 1113 3912 immo
1135 3871 1227 3928 vero,
1258 3854 1302 3912 ibi
1324 3858 1478 3913 mutatam
1500 3856 1539 3914 de
1560 3857 1638 3914 divi-

358 3961 485 4019 natione
503 3961 684 4035 opinionem
699 3960 820 4035 profert
835 3977 949 4035 nempe
963 3961 1191 4019 divinationem
1206 3961 1399 4019 artificosam
1415 3965 1445 4020 et
1461 3965 1637 4022 naturalem

358 4069 427 4125 sine
446 4067 578 4125 deorum
600 4067 720 4141 impetu
741 4084 812 4124 esse
832 4084 935 4142 posse.
960 4065 999 4125 In
1021 4084 1058 4125 ea
1080 4069 1170 4142 parte
1191 4067 1288 4124 huius
1310 4068 1471 4143 opusculi,
1497 4086 1579 4143 quae
1600 4070 1639 4129 de

357 4176 422 4233 toto
443 4175 588 4233 Tulliano
609 4191 704 4249 opere
725 4174 804 4249 agit,
828 4175 917 4232 10000
939 4174 997 4232 erit
1018 4176 1055 4232 ut
1077 4173 1154 4233 haec
1174 4174 1281 4232 fusius
1303 4177 1486 4234 tractemus.
1514 4175 1574 4235 Sed
1598 4179 1637 4236 ad
1709 4212 1711 4216 ·

358 4281 478 4356 Hoyeri
505 4280 686 4355 opinionem
714 4280 917 4339 refutandam
946 4281 1043 4339 semel
1069 4280 1172 4340 locum
1194 4281 1350 4355 inspicere
1371 4299 1453 4357 opus
1474 4284 1522 4340 est
1543 4287 1639 4357 atque

358 4388 486 4446 00111011.
513 4387 631 4445 Deinde
652 4387 679 4445 01
703 4388 852 4463 Hoyerus
874 4388 889 4445 Ι
913 4385 932 4464 ξ
954 4387 1010 4446 127
1032 4388 1073 4446 ad
1094 4388 1285 4446 Antiochum
1305 4388 1417 4464 refert,
1441 4389 1473 4446 in
1489 4407 1525 4448 eo
1540 4397 1635 4449 errat.

357 4495 477 4552 Nomen
509 4494 593 4552 enim
625 4494 786 4552 Posidonii
820 4493 915 4568 paulo
946 4495 1020 4552 ante
1050 4494 1205 4568 occurrit,
1240 4495 1383 4554 Antiochi
1416 4513 1576 4570 nusquam
1605 4498 1637 4555 in

356 4604 494 4675 utroque
521 4600 611 4658 libro.
642 4601 753 4674 Neque
780 4603 912 4674 apparet
940 4618 997 4659 our
1026 4618 1090 4658 000
1114 4600 1305 4659 Posidonius
1326 4603 1483 4676 explicare
1504 4606 1638 4662 conatus

357 4708 413 4784 sit,
438 4707 598 4782 quomodo
619 4707 720 4765 iatum
741 4709 772 4764 et
792 4706 946 4804 divinatio
967 4707 1136 4766 coniuncta
1159 4707 1232 4766 sint.

391 4981 403 5019 1
503 4982 538 5035 110
571 4981 613 5034 61.

391 4984 412 5112 2)
450 4981 552 5122 {31sson
565 5071 796 5138 Untersuchungen
814 5071 1020 5137 herausgegeben
1041 5089 1090 5123 von
1110 5072 1240 5139 Kiessling
1258 5073 1311 5125 und
1332 5073 1638 5126 eramowitz-Moellen-

356 5160 414 5211 corr
431 5179 456 5227 p.
479 5161 529 5213 100
546 5161 586 5226 (210
608 5161 694 5226 1892).
1524 5152 1526 5158 ’

391 5249 414 5320 3)
451 5250 488 5302 Ci.
508 5269 533 5318 p.
553 5253 577 5304 7.
