4125 6300
1052 765 1071 825 8

419 950 475 1025 iis,
506 950 561 1024 qui
589 951 655 1010 nati
683 950 746 1011 sint
774 950 884 1011 eodem
911 956 1062 1028 tempore.
1091 953 1247 1014 Accedere
1272 955 1358 1030 quod
1386 956 1441 1031 qui
1467 955 1603 1015 diversis
1624 956 1701 1015 locis

420 1058 529 1117 eodem
560 1058 627 1117 nati
654 1058 717 1117 sint
745 1062 902 1135 tempore,
933 1063 1040 1120 tamen
1068 1062 1130 1120 1111
1158 1065 1244 1123 statu
1271 1062 1348 1123 caeli
1376 1066 1408 1122 11
1429 1064 1593 1123 stellarum
1614 1066 1701 1123 ortos

421 1183 507 1241 esse,
541 1168 572 1224 et
602 1166 635 1224 in
666 1167 753 1225 omni
784 1169 956 1245 astrologia
986 1186 1051 1227 non
1080 1169 1235 1228 rationem
1263 1170 1405 1229 habitam
1432 1187 1503 1229 esse
1531 1173 1701 1245 parentum

422 1276 572 1348 naturae,
597 1274 756 1347 quomodo
777 1292 850 1334 cum
872 1275 1046 1334 liberorum
1067 1276 1175 1336 iuncta
1198 1276 1248 1335 sit.

462 1379 555 1448 Quod
575 1381 616 1439 ad
638 1383 815 1441 naturalem
836 1382 1064 1447 divinationem
1086 1383 1197 1442 attinet
1220 1381 1276 1460 (ita
1291 1385 1419 1444 Marcus
1435 1382 1568 1460 pergit),
1593 1384 1703 1442 furore

422 1489 531 1563 captos
559 1488 704 1547 homines
731 1488 841 1548 futura
870 1506 934 1548 11111
956 1489 1070 1548 melius
1091 1489 1287 1565 praesentire
1309 1490 1488 1565 putandum
1509 1492 1574 1565 est,
1606 1507 1703 1563 quam

423 1611 477 1653 eos
505 1594 560 1669 qui
587 1595 702 1653 mentis
731 1599 891 1670 compotes
918 1596 1093 1669 habentur,
1122 1596 1184 1670 ipsi
1211 1596 1295 1655 enim
1324 1597 1398 1655 libri
1429 1596 1576 1673 Sibyllini
1602 1613 1704 1655 none

423 1702 545 1761 furiosa
573 1705 693 1777 mente,
725 1703 780 1762 sed
809 1720 826 1761 e
851 1703 958 1779 sagaci
983 1705 1013 1762 et
1035 1703 1185 1778 prudenti
1206 1704 1439 1779 profluxerunt.
1472 1703 1635 1777 01111111,
1666 1702 1706 1760 de

424 1810 543 1883 quibus
573 1810 701 1869 fabulae
732 1814 882 1885 narrant,
917 1828 982 1869 non
1013 1811 1098 1870 credi
1130 1812 1270 1886 oportet,
1305 1812 1408 1870 cetera
1436 1828 1513 1869 vero
1540 1810 1621 1869 falsa
1650 1811 1705 1867 aut

424 1916 556 1976 fortuito
582 1933 659 1975 vera
683 1918 738 1975 aut
759 1917 924 1992 ambigua;
953 1917 1069 1991 quodsi
1089 1918 1218 1977 oracula
1240 1917 1272 1975 vi
1293 1917 1402 1977 divina
1423 1917 1593 1991 darentur,
1624 1933 1705 1974 nun·

425 2040 523 2099 quam
553 2023 674 2082 iactum
704 2026 804 2098 esset,
838 2026 874 2082 ut
906 2024 1067 2083 Ciceronis
1098 2024 1296 2099 temporibus
1329 2027 1425 2098 atque
1455 2027 1549 2083 antea
1577 2022 1706 2083 oracula

426 2131 556 2205 Delphis
583 2148 648 2189 non
676 2131 855 2189 ederentur.
889 2130 1018 2190 Somnia
1049 2148 1124 2190 vera
1145 2148 1216 2190 esse
1237 2148 1302 2189 non
1324 2130 1503 2206 putandum
1525 2132 1589 2205 est,
1620 2128 1706 2204 quod

425 2237 570 2297 homines
593 2237 642 2295 vel
663 2237 831 2313 vigilantes
852 2254 947 2312 saepe
967 2238 1093 2312 errant,
1122 2254 1180 2296 nec
1201 2237 1377 2312 quidquam
1399 2236 1439 2294 de
1459 2236 1602 2295 omnium
1624 2252 1706 2294 sorn-

426 2344 553 2403 niorum
585 2345 717 2403 veritate
747 2344 844 2403 statui
871 2344 958 2419 licet,
992 2344 1020 2402 11
1049 2361 1150 2402 unum
1179 2344 1229 2403 vel
1257 2359 1360 2418 pauca
1388 2344 1513 2401 somnia
1540 2342 1706 2413 eveniunt,

426 2452 503 2527 quin
525 2451 619 2509 etiam
641 2451 669 2509 si
689 2454 797 2509 essent
819 2468 908 2526 vera,
931 2453 1038 2511 tamen
1057 2451 1136 2509 nihil
1154 2451 1294 2510 valerent
1310 2452 1440 2526 propter
1454 2449 1704 2525 ambiguitatem.

467 2558 590 2633 Quare,
624 2558 728 2632 inquit
760 2558 885 2633 Cicero,
916 2558 1069 2616 divinatio
1099 2558 1245 2632 tollatur,
1277 2557 1386 2633 religio
1415 2556 1602 2628 retineatur;
1633 2573 1707 2614 nam

427 2666 580 2741 sapientis
608 2673 656 2724 est
683 2665 840 2723 maiorum
868 2664 1014 2723 instituta
1042 2666 1125 2723 tueri
1153 2665 1253 2724 sacris
1275 2664 1556 2739 caerimoniisque,
1587 2666 1618 2721 et
1639 2680 1710 2721 esse

427 2775 642 2849 praestantem
677 2774 903 2846 aeternamque
937 2773 1087 2830 naturam
1118 2775 1148 2831 et
1180 2789 1249 2831 eam
1282 2771 1518 2846 suspiciendam
1549 2770 1709 2828 admiran-

428 2881 566 2954 damque
587 2879 753 2937 hominum
774 2879 883 2954 generi
900 2878 1105 2952 pulchritudo
1121 2879 1232 2938 mundi
1247 2880 1390 2953 ordoque
1405 2896 1513 2938 rerum
1528 2878 1709 2937 caelestium

428 2987 511 3062 cogit
532 2986 686 3045 confiteri.
722 3031 723 3034 ,

472 3138 506 3198 Si
533 3138 606 3213 quis
634 3155 855 3213 quaecumque
882 3137 991 3198 Cicero
1019 3137 1162 3212 disputat
1188 3136 1221 3195 111
1248 3136 1352 3196 libello
1377 3136 1417 3195 de
1437 3150 1502 3210 quo
1522 3134 1629 3212 agitur
1650 3133 1710 3192 sibi

429 3247 471 3306 ob
497 3247 606 3305 oculos
634 3262 817 3320 proponens
843 3245 983 3320 quaerit,
1014 3245 1146 3319 quinam
1168 3245 1287 3303 tuerint
1308 3244 1429 3318 fontes,
1460 3243 1546 3301 unde
1567 3241 1710 3300 hortulos

430 3371 507 3412 suos
534 3352 731 3428 irrigaverit,
763 3351 1029 3426 proficiscendum
1058 3353 1106 3410 est
1134 3367 1199 3409 non
1226 3368 1266 3408 ex
1294 3348 1498 3424 opinionibus
1520 3349 1569 3406 vel
1591 3347 1711 3407 coniec-

430 3462 513 3520 turis
540 3461 596 3519 sed
623 3477 663 3518 ex
689 3460 768 3534 ipsis
797 3458 909 3517 rebus:
937 3458 996 3517 loci
1021 3457 1120 3533 igitur
1142 3457 1308 3533 colligendi
1331 3460 1423 3532 sunt,
1454 3456 1509 3514 ubi
1531 3455 1712 3531 philosophi

430 3569 605 3628 laudantur
635 3584 758 3625 necnon
790 3582 898 3623 rerum
930 3565 1102 3640 scriptores
1134 3567 1323 3640 poetasque,
1359 3563 1477 3638 quibus
1510 3563 1618 3622 Cicero
1643 3563 1713 3637 ipse

432 3693 467 3734 se
490 3693 585 3734 usum
607 3691 678 3735 esse
699 3674 783 3732 dicit.
814 3672 921 3740 Quare
941 3673 1018 3730 utile
1039 3671 1097 3730 erit
1118 3689 1172 3730 eos
1194 3672 1279 3730 locos
1301 3671 1352 3730 hic
1372 3670 1552 3730 describere
1572 3672 1602 3728 et
1622 3669 1711 3728 brevi

432 3782 494 3841 sub
515 3784 686 3856 conspectu
708 3798 842 3856 ponere,
873 3796 937 3854 quo
958 3779 1083 3838 iacihus
1105 3779 1228 3854 possint
1249 3778 1332 3837 inter
1354 3795 1389 3837 se
1409 3777 1603 3852 comparari,
1633 3793 1713 3834 neve

433 3889 569 3949 subinde
589 3905 671 3963 opus
693 3887 876 3946 Tullianum
897 3886 990 3945 nobis
1010 3885 1223 3944 evolvendum
1246 3885 1295 3943 sit.

869 4097 911 4159 A.
956 4113 1002 4158 un
1025 4112 1134 4159 urano
1157 4111 1281 4158 111111.

344 4283 423 4364 §3.
474 4283 602 4341 Index
640 4283 819 4340 locorum
858 4278 926 4336 ubi
965 4278 1107 4338 Cicero
1145 4278 1183 4336 in
1219 4277 1239 4336 l.
1271 4278 1287 4335 Ι
1324 4277 1412 4351 ipse
1445 4277 1581 4334 tontes
1618 4291 1714 4334 suos

435 4389 587 4450 laudat

476 4497 543 4556 Lib.
568 4494 601 4570 I,
625 4513 651 4554 c.
678 4495 709 4569 1,
735 4492 755 4571 ς
779 4494 805 4552 1.
852 4489 1105 4552 divinationem
1134 4507 1241 4567 qnarn
1273 4487 1395 4550 Graeci
1421 4486 1715 4566 1111111111ρεί-

517 4602 611 4663 lani.
627 4647 634 4660 .
650 4646 677 4676 .,
702 4602 742 4660 nt
763 4598 891 4659 Plato
913 4597 1178 4674 interpretatur,
1208 4594 1330 4657 Gracci
1351 4612 1373 4655 a
1393 4595 1511 4655 fnrore
1532 4594 1712 4654 11111111.

476 4712 511 4786 2,
535 4711 564 4768 4.
608 4710 649 4769 11
677 4705 867 4768 Octauiano
890 4704 976 4766 bello
1000 4701 1286 4781 (praedictiones)
1314 4700 1466 4763 Cornelii
1490 4699 1635 4762 Collecti
1656 4718 1715 4760 an·

518 4815 666 4876 diendas
680 4814 897 4891 putaverant
908 4856 1035 4871 ......

557 4940 594 4983 cc
619 4919 787 4982 Caeciliae
806 4916 978 4978 Baliarici
997 4915 1096 4977 filiae
1116 4914 1263 4976 somnio.

477 5032 512 5105 3,
537 5032 565 5090 5.
614 5017 849 5105 Colophonius
869 5023 1157 5101 Xenophanes
1179 5040 1284 5098 anns,
1310 5020 1371 5099 qni
1389 5020 1470 5081 deos
1488 5037 1557 5080 csse
1575 5019 1713 5095 diceret,

519 5134 771 5196 diuinationem
791 5131 953 5194 funditas
972 5123 1124 5192 sustulit.

559 5239 856 5302 Dicaearchus
896 5235 1147 5315 Peripateticus
1184 5237 1294 5297 celcra
1328 5232 1560 5295 divinationis
1592 5250 1719 5311 penora
