4125 6300
979 747 1018 806 25

353 936 510 1010 epitomen
531 938 562 994 et
583 936 720 994 fortasse
735 934 859 993 Philisti
873 931 1038 1010 historias)
1055 935 1175 993 iontem
1189 934 1262 993 libri
1276 935 1371 1010 primi
1386 952 1457 994 esse
1471 935 1636 1010 opinatur,

354 1043 409 1100 sed
438 1042 478 1100 ob
506 1043 599 1101 aliam
628 1059 759 1101 causam
788 1044 884 1116 atque
914 1039 1131 1117 Schichiusl).
1165 1042 1245 1100 Dicit
1273 1042 1357 1100 enirn
1381 1041 1540 1117 Ciceroni,
1566 1060 1638 1101 cum

354 1149 561 1207 Posidonium
590 1150 792 1224 sequeretur,
824 1150 906 1207 duos
934 1149 1003 1207 eius
1030 1148 1147 1223 libroS,
1180 1166 1223 1209 sc.
1251 1146 1323 1227 περὶ
1343 1153 1495 1228 μαντικῆς
1515 1151 1534 1208 l.
1549 1151 1584 1208 V.
1610 1152 1639 1208 et

354 1252 491 1333 φυσικὸν
520 1253 632 1334 λόγον,
667 1256 699 1314 in
733 1256 899 1331 deligendo
929 1258 1058 1332 praesto
1089 1256 1199 1315 luisse.
1232 1257 1342 1315 Tradit
1369 1257 1453 1316 enim
1483 1257 1639 1332 Diogenes

355 1363 500 1421 Laertius
507 1360 550 1439 2):
565 1360 619 1422 καὶ
633 1359 731 1440 αὐτὴν
745 1359 799 1422 καὶ
814 1362 924 1441 τέχνην
937 1360 1151 1440 ἀποφαίνουσι
1167 1360 1217 1421 διά
1232 1384 1315 1430 τινας
1327 1362 1470 1439 ἐκβάσεις
1483 1361 1635 1440 (eventa),

355 1466 401 1535 ὥς
428 1466 800 1547 φησι....Ποοειὸώνιος
824 1467 857 1528 ἓν
877 1474 924 1547 τῴ
945 1466 1084 1547 δευτέρῳ
1105 1472 1160 1530 τοῦ
1183 1476 1323 1548 φυσικοῦ
1344 1467 1441 1547 λόγου
1463 1468 1517 1530 καὶ
1539 1468 1571 1529 ἒν
1592 1476 1639 1548 τῷ

354 1574 489 1653 πέμπτῳ
523 1573 595 1652 περὶ
628 1580 788 1654 μαντικῆς.
828 1575 890 1635 Sed
926 1556 1087 1635 Posidonii
1119 1577 1254 1653 librum,
1293 1578 1348 1652 qui
1380 1574 1515 1655 φυσικὸς
1546 1574 1640 1653 λόγος

354 1683 556 1758 inscribitur,
588 1683 697 1743 Cicero
725 1683 757 1741 ln
786 1683 876 1741 libris
901 1683 940 1741 de
961 1683 1024 1741 div.
1051 1700 1114 1742 non
1136 1684 1262 1759 laudat,
1294 1702 1394 1759 quare
1416 1685 1639 1744 Hartfelderus

355 1789 452 1848 libros
480 1789 623 1865 quinque
650 1786 721 1866 περὶ
748 1793 900 1868 μαντικῆς
927 1790 1047 1849 iontem
1076 1790 1264 1865 primarium
1293 1791 1454 1850 Ciceronis
1480 1792 1581 1851 fuisse
1606 1793 1638 1850 in

354 1896 435 1954 libro
455 1897 559 1972 primo
579 1899 695 1955 censet.

395 2003 465 2061 Etsi
492 2005 603 2079 procul
630 2003 728 2062 dubio
755 2004 865 2063 Cicero
893 2004 1055 2062 Posidonii
1079 2001 1151 2081 napi
1171 2009 1323 2083 μαντικῆς
1343 2005 1375 2064 ll.
1401 2007 1427 2064 V
1448 2008 1581 2065 noverat
1593 2006 1636 2081 3),

356 2112 461 2168 tamen
490 2110 634 2171 animum
658 2110 809 2169 inducere
830 2128 953 2185 nequeo
975 2128 1029 2169 eos
1050 2112 1207 2186 imprimis
1230 2112 1412 2172 Ciceronem
1435 2112 1636 2188 adhibuisse,

356 2216 431 2290 quia
454 2217 645 2276 Posidonius
666 2217 699 2275 in
720 2234 757 2276 eo
778 2218 934 2293 opusculo
955 2218 1161 2277 divinationis
1180 2219 1336 2295 originem
1347 2218 1373 2296 ⁴)
1396 2220 1487 2278 duxit
1509 2238 1526 2278 a
1548 2220 1635 2295 deo,

356 2340 374 2381 a
396 2323 498 2400 iato',
530 2341 548 2382 a
570 2326 736 2399 natura,
768 2325 824 2383 sed
852 2325 937 2399 apud
965 2325 1149 2384 Ciceronem
1170 2326 1276 2384 omnia
1298 2326 1337 2385 de
1358 2326 1553 2385 divinatione
1574 2328 1639 2402 pla-

356 2430 433 2504 cita,
465 2432 605 2505 quaein
633 2432 653 2490 l.
679 2432 694 2489 I
722 2434 797 2490 ante
826 2429 845 2508 ξ
870 2431 926 2491 125
955 2435 1128 2508 occurunt,
1160 2434 1199 2491 de
1220 2433 1282 2491 dIs
1304 2437 1406 2509 agunt
1426 2436 1456 2493 et
1478 2434 1640 2493 Posidonii

357 2538 409 2597 illa
437 2538 552 2597 divisio
580 2539 641 2597 sub
670 2538 767 2596 finem
791 2538 920 2597 demum
941 2539 1014 2597 libri
1035 2540 1161 2615 legitur.
1193 2540 1288 2615 Atqui
1311 2541 1337 2599 si
1360 2541 1468 2601 Cicero
1490 2542 1527 2599 iis
1549 2542 1639 2600 libris

355 2664 386 2703 ιι.
401 2666 434 2721 μ.
456 2645 496 2703 ab
517 2645 606 2704 initio
628 2662 708 2704 usus
730 2649 829 2720 esset,
857 2646 921 2704 iam
942 2646 1033 2720 prius
1055 2646 1140 2705 illam
1162 2647 1351 2706 divisionem
1372 2665 1445 2706 eum
1467 2649 1639 2723 protulisse

356 2753 605 2826 exspectandum
626 2755 703 2811 erat.
728 2752 854 2811 Accedit
875 2754 961 2828 quod
984 2752 1093 2812 Cicero
1114 2753 1147 2811 in
1164 2754 1245 2812 libro
1260 2754 1401 2813 secundo
1422 2756 1468 2813 de
1489 2758 1639 2815 natura

355 2858 536 2933 deorum,
560 2858 649 2917 initio
670 2861 700 2917 et
721 2859 753 2917 in
776 2859 853 2934 line,
879 2860 906 2917 si
925 2858 1100 2936 Hirzeliofi)
1124 2860 1204 2919 fides
1223 2860 1371 2920 habenda
1388 2864 1449 2937 est,
1476 2862 1637 2920 Posidonii

355 2964 453 3023 libros
474 2962 545 3042 περὶ
565 2963 653 3024 θεῶν
663 2964 690 3040 6)
713 2965 874 3041 adhibuit,
899 2966 985 3025 unde
1006 2967 1141 3026 forsitan
1164 2968 1279 3041 aliquis
1302 2968 1434 3027 coniciat
1455 2970 1582 3027 eosdem
1604 2969 1638 3026 in

356 3071 437 3130 libro
464 3072 567 3146 primo
594 3072 634 3130 de
659 3072 854 3131 divinatione
880 3073 999 3131 iontem
1021 3074 1132 3132 luisse.
1164 3074 1211 3132 Ad
1233 3074 1316 3133 hanc
1338 3076 1556 3149 quaestionem
1579 3076 1638 3134 sol-

357 3180 492 3238 vendam
524 3181 718 3255 comparatio
749 3181 833 3239 inter
863 3181 982 3239 librum
1011 3183 1189 3240 secundum
1218 3184 1256 3242 de
1288 3201 1319 3242 n.
1344 3184 1431 3242 deor.
1463 3187 1493 3242 et
1521 3184 1638 3242 librum

356 3287 495 3361 primum
523 3287 562 3345 de
589 3288 652 3346 div.
678 3288 752 3346 usui
781 3305 851 3346 esse
876 3288 1007 3363 poterit,
1039 3289 1072 3346 in
1094 3305 1158 3363 qua
1180 3289 1376 3348 instituenda
1397 3290 1483 3349 locos
1504 3291 1536 3348 in
1559 3291 1639 3349 libro

357 3394 496 3452 secundo
525 3376 564 3452 de
592 3397 656 3453 nat.
682 3395 767 3452 deor.
793 3395 934 3469 repperi,
967 3395 1022 3469 qui
1044 3412 1116 3453 curn
1138 3395 1214 3454 Iocis
1235 3397 1268 3453 in
1289 3396 1310 3454 l.
1335 3397 1350 3454 I
1373 3397 1412 3454 de
1432 3397 1496 3456 div.
1521 3398 1638 3456 mirum

355 3500 388 3558 in
416 3500 547 3559 modum
576 3501 798 3576 convenirent,
830 3504 865 3559 ut
893 3519 932 3559 ex
960 3519 1026 3559 uno
1054 3502 1141 3560 fonte
1169 3520 1319 3561 manasse
1347 3503 1541 3563 viderentur.
1576 3504 1639 3564 Sed

357 3607 442 3680 quod
470 3608 569 3666 multo
591 3608 724 3683 gravius
745 3610 810 3682 est,
842 3608 901 3667 loci
922 3609 966 3666 illi
986 3609 1019 3666 in
1041 3609 1061 3667 l.
1087 3609 1228 3668 secundo
1249 3611 1288 3668 de
1309 3612 1374 3670 nat.
1399 3611 1485 3669 deor.
1511 3613 1640 3670 nonnisi

355 3713 445 3772 initio
476 3716 506 3772 et
536 3714 569 3772 in
601 3715 666 3773 fine
697 3715 921 3790 inveniuntur,
956 3715 1011 3774 ubi
1044 3715 1250 3775 Posidonium
1282 3717 1401 3776 iontem
1433 3718 1534 3776 fuisse
1561 3719 1639 3777 satis

356 3823 489 3880 constat.
525 3821 644 3880 Contra
671 3822 704 3879 in
733 3822 855 3896 reliqua
883 3825 974 3897 parte
1000 3822 1073 3880 libri
1102 3823 1233 3882 secundi
1261 3824 1300 3882 de
1328 3841 1358 3882 n.
1384 3825 1432 3899 d.,
1464 3843 1547 3898 quae
1574 3843 1638 3885 non

224 3903 230 3915 ⁵
288 3925 292 3930 ’
357 3927 527 3987 Posidonio
554 3928 687 3987 debetur
715 3926 775 4005 (ἓξ
798 3926 969 4004 45-154),
1001 3947 1103 3987 unum
1126 3932 1251 3989 tantum
1272 3931 1377 3989 Iocum
1398 3948 1510 3990 eruere
1531 3933 1636 4008 potui,

357 4051 450 4108 quem
473 4053 544 4094 curn
567 4035 635 4094 loco
656 4052 695 4094 ex
715 4035 797 4093 libro
818 4037 834 4092 Ι
855 4035 895 4094 de
916 4036 980 4094 div.
1005 4036 1142 4094 conferri
1164 4037 1270 4095 liceret
1293 4036 1345 4114 (de
1367 4039 1449 4116 n..,d.
1471 4039 1504 4096 II
1528 4037 1547 4116 ξ
1568 4038 1635 4117 69),

356 4140 411 4199 ubi
439 4141 616 4199 Alexander
644 4141 782 4217 Magnus
808 4143 918 4201 eadem
941 4146 1048 4217 nocte,
1080 4160 1144 4217 qua
1167 4144 1286 4202 Dianae
1307 4144 1465 4218 Ephesiae
1485 4147 1638 4221 templum

356 4247 597 4323 deflagraverit,
629 4251 733 4332 natus,
754 4265 825 4307 esse
852 4249 977 4307 dicitur.
1012 4249 1074 4308 Sed
1103 4251 1192 4309 Iocus
1222 4250 1355 4329 collatus
1385 4249 1438 4327 (de
1458 4253 1522 4310 div.
1548 4251 1637 4330 147)

356 4353 428 4412 talis
459 4358 523 4430 est,
557 4357 593 4413 ut
625 4355 733 4414 Cicero
764 4373 837 4414 eum
865 4373 905 4414 ex
934 4357 1093 4430 memoria¹
1114 4357 1276 4416 addidisse
1304 4359 1465 4417 videatur:
1500 4357 1638 4420 discedo

352 4476 545 4537 parumper
566 4478 589 4520 a
608 4459 770 4537 somniis,
795 4460 843 4521 ad
865 4479 955 4539 quac
975 4479 1053 4522 υιου
1070 4464 1231 4524 recator.
1261 4462 1339 4537 Qua
1356 4465 1454 4526 nocte
1473 4464 1638 4542 templum

391 4681 413 4744 l)
450 4681 488 4733 CI.
509 4683 595 4734 Harii.
615 4701 639 4749 p.
662 4683 702 4736 10.

391 4771 413 4837 ⁰²)
450 4771 484 4821 D.
500 4771 662 4854 L.7‚·149.

391 4848 414 4924 ³)
450 4859 558 4929 1,§6.

391 4947 414 5011 4)
450 4950 479 5012 Ι,
498 4949 515 5018 ᾗ
536 4948 594 5002 125.

391 5036 413 5098 5)
450 5039 594 5089 Hirzelius:
615 5039 884 5106 „Untersuchungen”
904 5059 928 5107 p.
952 5041 1098 5095 rur-243.
1120 5043 1287 5094 Posidonium
1306 5044 1403 5095 iontem
1423 5061 1477 5096 esse
1495 5047 1639 5112 suspicatur

357 5127 384 5177 in
402 5127 419 5177 l.
438 5127 467 5177 II.
486 5127 518 5178 de
536 5135 589 5178 nat.
609 5128 678 5179 deor.
696 5128 731 5198 ἐξ
752 5130 838 5182 1-45
857 5137 882 5180 et
901 5129 936 5198 ἐξ
956 5132 1007 5183 154
1025 5149 1081 5198 sqq.

392 5213 414 5278 ⁶)
451 5215 538 5266 Huius
556 5217 641 5282 operis
659 5218 676 5268 I.
696 5217 767 5268 XIII
786 5218 874 5268 laudat
892 5218 925 5269 D.
937 5218 967 5269 L.
989 5221 1018 5283 7,
1042 5219 1099 5272 138.
