4125 6300
973 764 1009 830 31

390 955 444 1037 19,
468 957 517 1019 44.
557 952 674 1037 placet
696 952 788 1020 enim
817 951 972 1019 Stoicis
1000 971 1057 1019 eos
1078 948 1253 1031 anhelitus
1275 951 1401 1034 terrae,
1427 950 1489 1035 qui
1509 950 1635 1035 tripidi

448 1066 535 1143 sint,
561 1084 638 1127 cum
659 1066 767 1127 fluere
788 1063 978 1143 coeperint,
1003 1067 1121 1125 centos
1142 1082 1219 1125 esse.

389 1176 444 1250 21,
469 1176 517 1234 47.
557 1173 866 1252 propuosticorum
905 1190 1029 1233 causas
1062 1170 1236 1250 persancti
1269 1173 1351 1233 sunt
1385 1173 1418 1232 et
1455 1170 1635 1233 Boithus

443 1279 580 1342 Stoicus
601 1279 664 1359 qui
685 1283 734 1341 est
755 1299 777 1341 a
800 1283 831 1341 te
844 1279 1049 1340 nominatus
1063 1281 1096 1340 et
1109 1280 1227 1339 noster
1242 1278 1347 1340 etiam
1369 1277 1630 1339 Posidonius,

389 1388 444 1462 21,
469 1388 516 1447 48.
562 1386 655 1447 idem
681 1385 928 1448 Carneadem
949 1385 1082 1463 impera
1104 1384 1192 1446 dicis
1214 1384 1255 1447 de
1276 1383 1389 1462 capite
1410 1384 1560 1445 Panisci.

389 1494 443 1569 23,
469 1494 516 1554 50.
562 1493 594 1554 is
614 1496 730 1554 autem
754 1494 861 1571 Tapes
880 1496 920 1553 ut
938 1492 976 1553 in
999 1491 1132 1553 libris
1153 1494 1202 1553 est
1223 1492 1509 1553 Etruscorum
1531 1494 1589 1553 cet.

389 1601 443 1676 23,
468 1602 516 1661 51.
561 1619 646 1662 num
671 1618 752 1679 erpo
775 1618 863 1678 opus
884 1602 933 1661 est
954 1600 1002 1661 ad
1022 1598 1105 1659 haec
1125 1598 1312 1660 refellenda
1330 1598 1528 1661 Carneade?
1548 1617 1633 1660 num

450 1706 627 1784 Epicuro?

388 1815 443 1889 25,
469 1816 516 1875 54.
562 1814 675 1875 multa
685 1832 738 1876 me
749 1814 887 1875 consule
905 1831 927 1874 a
945 1831 1003 1874 me
1020 1814 1110 1891 ipso
1128 1812 1423 1891 scriptarecitasti
1433 1813 1634 1875 multaante

450 1919 639 1981 Marsicum
661 1919 787 1982 bellum
809 1939 832 1981 a
856 1919 1045 1981 Sisenna
1066 1920 1206 1981 collecta
1227 1918 1397 1995 attulisti,
1422 1919 1563 1980 multa.
1589 1964 1595 1979 .
1622 1966 1629 1979 .

450 2044 471 2087 a
497 2025 768 2088 Callisthene
795 2029 1068 2088 commemorata
1089 2025 1217 2087 dicisti.

389 2134 443 2209 26,
468 2136 516 2194 67.
563 2133 840 2195 Democritus
861 2133 1003 2213 quidem
1018 2132 1174 2212 optumis
1186 2132 1298 2194 nabis
1312 2151 1454 2194 causam
1469 2133 1628 2212 suplicent,

379 2253 382 2259 “
450 2257 510 2300 cur
531 2243 612 2301 ante
634 2241 742 2309 lucem
762 2240 853 2319 palli
872 2243 1011 2302 canant.

414 2348 489 2407 ibid.
559 2347 699 2409 silentio
721 2347 848 2424 noctis,
871 2350 912 2410 ut
933 2348 986 2408 ait
1006 2346 1187 2408 Ennius.

389 2455 443 2530 28,
469 2455 517 2514 61.
563 2472 713 2533 qnorum
739 2454 897 2515 omnium
918 2472 1043 2516 causas
1063 2453 1094 2515 si
1116 2472 1138 2514 a
1171 2452 1415 2533 Chrysippo
1445 2472 1628 2533 quaeram,

448 2559 522 2638 ipse
542 2560 602 2622 ille
623 2560 854 2623 divinationis
875 2564 1075 2622 auctorest.

389 2668 443 2743 29,
468 2668 516 2729 62.
565 2667 676 2730 Caius
700 2668 919 2730 Gracchus
940 2668 989 2729 ad
1009 2668 1055 2728 M.
1082 2666 1317 2746 Pomponium
1338 2642 1503 2747 scripsit.¹
1583 2722 1584 2727 ,
1713 2672 1714 2675 ’

389 2775 444 2852 29,
469 2775 517 2835 63.
562 2778 602 2836 ut
628 2794 707 2837 nos
734 2775 840 2837 otiosi
861 2774 1101 2836 convertimus.

388 2882 443 2957 36,
469 2882 515 2941 76.
560 2882 693 2943 solebat
713 2900 751 2943 ea
771 2901 825 2943 me
847 2881 1036 2943 Deiotarus
1051 2881 1264 2959 percontari.

255 3035 259 3041 .
388 2990 517 3065 41,87.
566 2989 669 3064 Quod
714 2988 981 3051 Carneadem
1025 2988 1327 3050 Clitomachus
1363 2988 1484 3051 scribit
1522 2990 1632 3052 dicere

447 3093 592 3157 solitum
619 3114 795 3176 nusquam
822 3115 858 3159 se
880 3096 1151 3158 fortunatiorem
1174 3113 1281 3175 quom
1304 3095 1486 3158 Praeneste
1505 3096 1633 3159 uidisse

449 3203 652 3265 Portunum.

388 3311 442 3387 42,
467 3312 515 3371 87.
561 3311 766 3372 Eudoans
787 3310 947 3373 Platonis
965 3311 1133 3372 auditor.
1153 3357 1159 3371 .
1179 3357 1186 3371 .
1205 3310 1255 3371 sic
1269 3309 1454 3388 opinatur,
1479 3311 1519 3372 id
1536 3312 1631 3390 quod

447 3417 616 3496 scriptum
636 3418 796 3498 reliquit,
825 3418 1009 3481 Chaldaeis
1029 3418 1175 3480 minime
1197 3436 1265 3479 csse
1286 3418 1504 3479 credendum.

388 3526 443 3601 42,
467 3526 515 3586 88.
560 3525 722 3588 nominat
743 3525 849 3588 etiam
871 3525 1115 3587 Panaetius
1137 3525 1200 3604 qni
1220 3543 1312 3586 unus
1334 3543 1351 3586 e
1372 3524 1500 3586 Stoicis
1521 3528 1629 3586 astro-

449 3632 609 3711 loporum
624 3632 811 3711 praedicta
830 3632 956 3694 reiecit.

387 3741 442 3816 42,
467 3741 515 3800 88.
561 3739 588 3801 S
593 3740 661 3818 cul
667 3758 717 3801 ac
735 3738 1037 3816 Halicarnassius,
1051 3738 1243 3800 familiaris
1254 3738 1434 3800 Panaetii.
1449 3786 1455 3799 .
1472 3786 1478 3801 .
1496 3787 1502 3800 .
1519 3743 1630 3801 totum

447 3846 511 3907 hoc
535 3845 762 3908 Chaldaicum
777 3846 1007 3925 praedicendi
1026 3863 1135 3924 penus
1155 3845 1363 3923 repudiauit.

388 3955 442 4030 43,
468 3954 515 4014 90.
561 3953 688 4032 quihus
708 3954 814 4016 etiam
836 3954 1055 4032 Diopenes
1077 3953 1215 4014 Stoicus
1236 3953 1391 4014 concedit
1412 3954 1560 4032 aliquid.

387 4061 442 4138 43,
467 4061 515 4121 91.
559 4063 600 4122 ul
634 4078 695 4140 epo
726 4061 766 4122 id
796 4062 928 4139 ipsum,
971 4060 1067 4140 quod
1097 4061 1151 4121 nir
1183 4060 1352 4138 optimus,
1395 4061 1626 4139 Diopenes,

452 4166 675 4229 Chaldaeis..
692 4215 699 4228 .
716 4216 723 4229 .
748 4168 916 4245 concedit,
940 4185 1028 4246 nepo
1047 4185 1149 4246 posse
1169 4167 1332 4246 inlellepi.

387 4277 443 4354 46,
468 4276 515 4336 96.
561 4278 601 4336 ut
629 4275 891 4337 Demosthenem
911 4275 1030 4336 scribit
1052 4273 1305 4351 Phalereus,
1337 4292 1413 4335 cum
1433 4275 1498 4335 rho
1520 4275 1631 4336 dicere

447 4382 623 4460 nequiret.
640 4427 647 4441 .
662 4428 669 4442 .
685 4429 692 4442 .

387 4491 442 4567 47,
467 4490 516 4549 97.
560 4489 697 4550 uidesne
724 4507 777 4549 mc
804 4506 875 4549 non
903 4506 944 4549 ca
967 4488 1078 4549 dicere
1100 4477 1199 4566 quae'
1215 4487 1477 4565 Carneades,
1508 4488 1568 4549 sed
1589 4501 1638 4549 ea¹

448 4614 538 4675 qnae
553 4596 716 4674 princeps
737 4595 933 4657 Stoicorum
956 4594 1200 4656 Panaetius
1221 4594 1370 4656 dicerit?

387 4705 441 4781 48,
463 4682 534 4764 Ι100.
559 4704 642 4764 haec
669 4721 722 4765 me
746 4701 1149 4781 Peripateticorum
1170 4702 1264 4763 ratio
1285 4702 1400 4780 mauis
1419 4702 1577 4763 mouebat
1597 4705 1629 4763 et

446 4811 567 4873 ueteris
599 4810 860 4872 Dicaearchi
891 4812 923 4871 et
953 4810 1026 4871 eius
1059 4809 1121 4888 qui
1151 4827 1244 4870 nunc
1270 4809 1373 4870 floret
1403 4808 1624 4888 Cratippi,

448 4919 510 4998 qui
537 4921 670 4980 censent
698 4936 767 4979 esse
793 4918 831 4978 in
859 4918 1032 4979 mentibus
1059 4917 1240 4978 hominum
1269 4919 1450 4995 tamqnam
1472 4918 1628 4978 oraclum

446 5026 602 5106 aliquod.
1312 5079 1316 5086 .

387 5134 442 5211 49,
467 5134 534 5194 101.
560 5133 675 5195 dicam
695 5132 806 5212 ipitur
827 5132 869 5194 de
885 5131 963 5194 istis
980 5131 1067 5210 ipsis
1085 5131 1221 5192 duobus
1238 5130 1419 5209 penerihus
1436 5131 1523 5192 mihi
1541 5131 1628 5210 quid

447 5239 622 5324 uideatur,
656 5240 688 5306 si
712 5240 832 5326 prius,
867 5241 899 5306 et
930 5239 1178 5305 Stoicorum
1211 5239 1383 5306 conclusio
1414 5238 1565 5306 rationis
1596 5241 1628 5312 a
