4125 6300
806 1552 1132 1621 ΡΗΑΕΡΑΤΙΟ.

367 1758 437 1815 Etsi
467 1758 530 1815 iam
562 1757 653 1815 multi
681 1758 742 1815 viri
769 1758 852 1817 docti
879 1758 919 1816 de
946 1758 1106 1833 fontibus,
1140 1759 1258 1833 quibus
1288 1760 1429 1819 Cicero
1457 1761 1490 1819 in
1518 1760 1608 1819 libris

327 1863 455 1922 duobus
471 1864 517 1922 de
533 1865 794 1944 divinatione
811 1865 1050 1924 conscribendis
1061 1883 1142 1924 usus
1154 1883 1225 1924 esse
1236 1867 1371 1943 videtur,
1394 1867 1605 1942 scripserunt,

327 1974 434 2030 tamen
456 1988 520 2029 non
539 1972 652 2030 inutile
672 1989 754 2047 opus
776 1989 826 2031 me
847 1972 1067 2031 confecturum
1088 1976 1182 2048 puto,
1207 1975 1234 2031 si
1255 1974 1388 2033 eandem
1407 1991 1474 2033 rem
1493 1991 1609 2033 rursus

327 2081 476 2153 tractem,
514 2079 702 2153 pracsertim
736 2096 809 2138 cum
840 2079 984 2152 quaestio
1015 2081 1098 2138 inter
1128 2082 1198 2139 illos
1231 2082 1374 2140 nondum
1406 2082 1606 2156 convenerit,

328 2202 432 2259 neque
458 2202 510 2244 res
533 2186 693 2245 adfinem
715 2186 778 2244 iam
799 2186 952 2261 perducta
974 2189 1070 2261 atque
1091 2187 1237 2248 absoluta
1259 2189 1309 2247 sit.
1335 2189 1448 2263 Itaque
1469 2189 1609 2263 primum

328 2293 484 2351 disseram
505 2292 545 2350 de
562 2292 705 2351 virorum
724 2292 889 2351 doctorum
908 2294 1073 2352 sententiis
1091 2297 1121 2352 et
1138 2311 1221 2368 quae
1237 2294 1281 2352 illi
1300 2295 1340 2353 de
1354 2295 1497 2353 fontibus
1511 2295 1609 2353 totius

328 2398 433 2474 operis
456 2398 617 2457 Ciceronis
638 2400 688 2457 vel
709 2399 809 2473 partis
827 2399 896 2457 eius
911 2400 1087 2474 senserint,
1111 2399 1250 2459 breviter
1265 2418 1440 2476 persequar
1457 2399 1610 2475 (quarum

329 2506 559 2564 sententiarum
580 2506 791 2581 gravissimae
811 2508 888 2564 sunt
911 2505 1094 2583 Schichi,
1124 2507 1399 2582 Hartfelderi,
1425 2504 1617 2583 Hoyeri);-

329 2613 443 2671 deinde
473 2615 542 2688 ipse
572 2631 675 2672 meam
706 2614 745 2672 de
772 2612 915 2685 fontibus
943 2614 1132 2673 sententiam
1162 2614 1295 2673 afferam
1302 2633 1309 2687 ;
1341 2618 1410 2673 tum
1439 2593 1610 2673 nonnuslas

329 2720 551 2779 annotationes
572 2721 697 2779 criticas
718 2723 749 2779 et
769 2720 946 2796 exegeticas
967 2721 1007 2779 ad
1028 2720 1128 2779 libros
1149 2722 1189 2779 de
1206 2722 1401 2780 divinatione
1415 2722 1609 2796 pertinentes

330 2828 499 2886 additurus
521 2844 603 2885 sum.

747 3004 937 3074 ΟΑΡΗΤ
974 3004 1202 3074 patmum.

371 3211 480 3279 Quae
507 3212 588 3269 viri
616 3213 725 3271 docti
753 3212 798 3270 de
825 3211 1014 3270 fontibus
1036 3211 1264 3286 senserint,
1295 3211 1447 3285 quibus
1470 3211 1612 3270 Cicero

331 3321 371 3378 in
392 3320 515 3378 libris
536 3320 583 3378 de
603 3319 864 3378 divinatione
884 3337 986 3378 usus
1007 3336 1098 3378 esse
1119 3320 1293 3378 videtur.
1352 3383 1353 3387 Ἰ

255 3499 322 3578 §h
373 3503 672 3580 Drumannusl)
705 3505 836 3564 coniecit
867 3505 1067 3579 Ciceronem,
1102 3521 1165 3580 qua
1197 3505 1399 3563 festinatione
1428 3521 1525 3579 opera
1554 3521 1612 3563 sua

332 3613 573 3688 conscripserit,
610 3613 720 3687 procul
748 3612 846 3671 dubio
874 3612 1031 3672 Graecum
1059 3611 1220 3686 exemplar
1248 3610 1450 3685 adhibuisse,
1488 3611 1521 3669 in
1549 3627 1613 3684 quo

334 3719 496 3778 Cleanthis
524 3719 696 3794 Chrysippi
721 3719 852 3778 Panaeti
879 3719 1029 3777 Posidoni
1051 3717 1250 3792 aliorumque
1273 3716 1453 3776 Stoicorum
1474 3718 1514 3776 de
1534 3717 1613 3775 divi-

334 3827 461 3884 natione
481 3827 599 3901 placita·
617 3827 784 3886 coniuncta
805 3829 922 3885 essent.
947 3827 994 3884 Ea
1016 3826 1200 3885 Ciceronem
1218 3824 1376 3884 refutasse
1393 3827 1424 3883 et
1440 3824 1614 3884 Carneadis

303 3989 307 3996 .
333 3934 510 3995 Academici
538 3935 636 3992 armis
664 3934 781 3993 fretum
808 3936 839 3993 et
866 3934 1017 3993 Panaetio
1048 3931 1154 3992 Stoico
1179 3933 1354 4007 confisum,
1385 3932 1441 4006 qui
1462 3932 1531 4006 ipse
1550 3932 1613 3989 iam

333 4042 539 4101 divinationis
564 4042 659 4101 fidem
681 4041 885 4100 debilitasset.
911 4041 990 4100 Cum
1012 4044 1119 4100 tamen
1142 4041 1351 4098 Drumannus
1373 4040 1497 4098 nullum
1519 4056 1614 4114 argu-

334 4152 494 4225 mentum,
518 4149 642 4206 nullum
663 4149 784 4222 locum,
810 4166 874 4222 quo
895 4148 1086 4207 sententiam
1104 4164 1195 4206 suam
1213 4147 1340 4223 probet,
1366 4147 1521 4220 attulerit,
1546 4147 1614 4204 eius

220 4327 226 4342 ἱ
334 4257 515 4316 coniectura
551 4255 643 4314 nobis
682 4256 765 4315 viam
802 4258 982 4314 monstrare
1011 4255 1147 4314 forsitan
1178 4255 1295 4330 possit,
1334 4271 1398 4328 qua
1430 4270 1542 4311 verum
1575 4253 1615 4312 sit

334 4364 611 4441 investigandum,
643 4363 699 4422 sed
726 4364 867 4438 profecto
895 4364 955 4422 hac
983 4363 1105 4421 ratione
1133 4363 1212 4420 nihii
1239 4362 1425 4437 proficimus
1450 4361 1490 4419 ad
1512 4361 1613 4436 ipsam

335 4490 402 4531 rem
422 4471 618 4531 solvendam.

246 4579 323 4658 §2
373 4575 745 4653 Wachsmuthius2)
775 4577 958 4636 Ciceronem
984 4593 1001 4634 e
1024 4575 1107 4634 libro
1129 4576 1278 4650 Diogenis
1301 4575 1484 4650 Babylonii,
1515 4575 1614 4649 Chry·
1734 4562 1737 4568 ’

335 4687 418 4762 sippi
449 4685 612 4760 discipuli,
650 4685 705 4758 qui
736 4682 807 4761 περὶ
837 4687 989 4762 μαντικῆς
1019 4683 1206 4742 inscribitur
1216 4682 1259 4757 3),
1294 4683 1334 4741 de
1363 4683 1427 4741 div.
1456 4681 1472 4741 I
1505 4681 1524 4759 ἓ
1557 4682 1612 4757 82,

335 4794 368 4851 II
392 4790 436 4870 ἐξ
452 4793 505 4867 41,
529 4791 582 4866 90,
608 4790 680 4866 101,
704 4808 722 4849 e
741 4791 832 4850 libris
853 4794 958 4849 autem
981 4791 1125 4865 quinque
1146 4790 1297 4847 Posidoni
1318 4790 1357 4847 de
1377 4789 1440 4847 div.
1460 4790 1475 4847 I
1499 4786 1543 4865 ἐξ
1560 4788 1612 4863 64,

333 5110 339 5119 ·
370 5076 393 5142 1)
430 5076 549 5127 Historia
567 5076 686 5127 Romana
705 5075 761 5139 VI,
780 5093 806 5142 p.
825 5076 876 5128 351
896 5077 935 5139 (a0
955 5073 1043 5133 1844).

370 5165 393 5233 2)
429 5166 480 5219 Die
499 5166 640 5218 Ansichten
659 5165 705 5218 der
724 5165 828 5218 Stoiker
846 5165 910 5217 iiber
928 5164 1031 5217 Mantik
1052 5163 1106 5216 und
1126 5163 1292 5230 Daemonen,
1313 5180 1337 5232 p.
1357 5163 1403 5227 14,
1425 5163 1457 5216 15
1474 5160 1511 5230 (a0
1528 5160 1615 5226 1860).

371 5256 395 5330 ³)
431 5256 731 5328 chasdium&
1494 5342 1508 5396 1
