4125 6300
898 1721 900 1727 ,
964 1687 985 1725 ε.
1023 1707 1026 1713 2
1068 1687 1075 1709 'r
1549 1667 1612 1734 Peg.

373 1772 540 1831 Parmeno
555 1813 954 1830 .........
988 1782 1014 1827 ..f
1047 1785 1065 1826 =.³·
1096 1770 1122 1827 ,Γ
1145 1813 1493 1827 ........
1599 1768 1613 1823 1

373 1915 472 1974 Gnrrrr
491 1932 604 1973 muron
652 1958 855 1972 .....
996 1891 1003 1969 ’.
1046 1955 1494 1969 ..........
1538 1911 1615 1967 1-5

453 2039 527 2097 quae
549 2020 603 2078 viri
624 2019 701 2078 dooti
722 2019 759 2077 de
778 2019 907 2077 fontibus
927 2019 1087 2090 senserint,
1115 2017 1221 2093 quibus
1243 2016 1342 2075 Cicero
1364 2017 1391 2074 in
1415 2016 1495 2074 libris

698 2125 735 2184 (ie
755 2125 930 2184 divinatione
951 2142 1023 2182 usus
1044 2141 1109 2182 esse
1130 2123 1254 2181 videtur.

454 2261 519 2332 31.
561 2258 721 2318 Drumanni
742 2257 886 2317 sententia
900 2301 1494 2315 .............
1599 2259 1613 2314 1

454 2367 519 2439 §2
560 2364 761 2425 Waohsmuthi
782 2364 925 2423 sententia
950 2408 1494 2422 ............

453 2474 519 2545 ξ3.
560 2472 690 2531 Meltzeri
712 2471 855 2530 sententia
901 2516 1493 2529 .............

454 2581 519 2652 §t
561 2578 676 2637 Sohiohi
698 2578 856 2657 sententia
898 2622 1492 2636 .............

453 2686 519 2758 §fa
561 2684 695 2745 Corsseni
717 2684 859 2744 sententia
897 2730 1494 2743 .............

454 2794 520 2866 §a
561 2793 736 2852 Hartielderi
757 2792 901 2852 sententia
949 2837 1492 2850 ............
1596 2762 1632 2849 4Ὶ

454 2903 519 2973 ξῖ.
560 2899 651 2959 Dielsi
672 2904 702 2958 et
722 2899 885 2959 Sohmekeli
907 2901 1050 2958 sententia
1098 2944 1494 2958 .........
1596 2902 1615 2957 4

454 3008 520 3080 §s
562 3007 671 3082 Hoyeri
691 3007 834 3066 sententia
851 3052 1495 3065 ..............
1536 3008 1615 3064 4-5

375 3149 473 3209 Osann
493 3168 644 3208 ssconnon
656 3194 1199 3208 ............
1216 3239 1218 3245 ,
1243 3195 1493 3207 ......
1537 3149 1634 3207 6-42
1687 3159 1691 3168 ’

455 3286 520 3357 §L
562 3283 718 3360 Dispositio
738 3283 804 3342 libri
825 3284 911 3360 primi
950 3329 1495 3342 ............
1537 3284 1613 3343 6-7

454 3392 520 3464 ξ2.
561 3390 719 3467 Dispositio
739 3390 805 3448 libri
827 3390 947 3449 secundi
997 3435 1493 3448 ...........
1536 3392 1615 3450 7-8

413 3537 450 3592 Α.
490 3533 540 3592 De
561 3533 660 3592 libro
680 3533 801 3610 primo
853 3578 1495 3592 ..............
1537 3534 1635 3592 8-30

453 3671 470 3741 ἕ
492 3669 519 3726 3.
559 3667 653 3726 Index
673 3667 802 3725 looorum
819 3666 868 3725 ubi
886 3666 986 3725 Oioero
1003 3667 1032 3725 in
1051 3666 1069 3726 l.
1084 3667 1099 3726 Ι
1116 3666 1179 3743 ipse
1199 3667 1294 3725 fontes
1312 3685 1380 3726 suos
1398 3667 1496 3726 laudat
1537 3669 1634 3726 8-12

454 3776 520 3846 54,
562 3773 604 3833 De
624 3773 753 3832 fontibus
773 3793 791 3833 a
812 3773 949 3832 Cicerone
969 3773 999 3832 in
1019 3774 1039 3832 l.
1058 3773 1081 3832 Ι.
1102 3773 1227 3832 laudatis
1242 3819 1494 3833 ......
1518 3776 1632 3835 12-1ῖ

455 3885 471 3954 ἕ
494 3883 520 3940 5.
561 3880 605 3939 De
620 3880 771 3940 sententiis
784 3880 911 3939 virorum
921 3880 1087 3956 doctorum,
1104 3880 1247 3957 imprimis
1261 3880 1393 3952 Seniani,
1412 3881 1496 3940 Hart-

603 3988 722 4064 ielderi,
742 3987 852 4063 Hoyeri
902 4033 1494 4048 .............
1518 3988 1635 4050 18-30

413 4128 448 4190 B.
489 4129 540 4189 De
559 4130 660 4190 libro
681 4130 848 4190 seeundo
903 4175 1495 4190 .............
1516 4132 1634 4190 30-39

454 4269 470 4338 §
494 4266 520 4324 6.
560 4265 654 4324 Index
671 4265 799 4324 locorum
817 4265 866 4324 ubi
883 4265 912 4323 in
930 4265 950 4324 l.
963 4265 993 4323 II
1011 4264 1111 4324 Cioero
1127 4265 1190 4342 ipse
1207 4266 1303 4325 fontes
1321 4283 1389 4325 suos
1399 4265 1498 4325 laudat
1517 4267 1635 4326 30-32

454 4375 519 4446 57.
561 4371 605 4431 De
624 4372 753 4431 fontibus
773 4391 791 4431 a
812 4371 949 4431 Cioerone
969 4372 998 4431 in
1020 4372 1040 4432 l.
1061 4371 1091 4431 Π
1111 4372 1236 4432 laudatis
1245 4418 1496 4433 ......
1517 4375 1636 4434 32-35

454 4479 520 4552 §a
561 4478 605 4538 De
625 4478 753 4539 virorum
774 4478 925 4538 doctorum
945 4479 1099 4539 sententiis
1147 4524 1495 4541 ........
1516 4481 1634 4542 35-39

325 4646 329 4651 ·
384 4621 446 4681 ,G
487 4621 539 4680 De
559 4621 837 4699 compositione
858 4622 1130 4700 totiusoperis
1151 4621 1350 4683 Tulliani.
1392 4669 1398 4682 .
1441 4669 1447 4683 .
1490 4626 1633 4684 ,39-41

374 4764 472 4824 Canon
492 4782 633 4842 rannus,

452 4873 651 4934 annotationes
672 4873 786 4934 oritioas
806 4879 837 4934 et
857 4873 1023 4951 exegetieas
1044 4874 1194 4936 oontinens
1245 4919 1495 4937 ......
1516 4875 1633 4937 42-71

413 5006 464 5066 Ad
486 5007 625 5067 librum
646 5007 807 5086 primum
849 5053 1491 5072 ..............
1514 5011 1634 5070 42--60

413 5115 466 5176 Ad
486 5115 626 5176 librum
649 5117 855 5177 seeundum
902 5163 1494 5181 .............
1517 5118 1633 5182 60-71

936 5306 1094 5318 m
