4125 6300
1033 769 1071 829 70

250 957 390 1033 59,121:
411 954 597 1017 uideantur
619 1000 673 1015 ...
700 954 780 1033 quis
800 957 848 1015 est
868 989 907 999 -
931 956 1092 1016 Christius
1113 956 1247 1016 lacunae
1268 956 1397 1032 signum
1419 958 1491 1031 post
1505 954 1692 1017 uideantur

410 1064 547 1139 addidit,
582 1081 678 1138 quem
710 1064 810 1123 secuti
838 1066 915 1122 sunt
943 1064 1066 1140 Kayser
1087 1066 1117 1122 et
1139 1063 1173 1123 O.
1189 1064 1223 1122 F.
1234 1064 1283 1121 W.
1308 1063 1472 1122 Miillerus.
1498 1064 1587 1122 Idem
1607 1064 1692 1123 lacu·

411 1188 486 1230 nam
514 1171 633 1246 explet:
667 1168 756 1247 quid
783 1168 895 1248 iqitur
922 1168 1053 1230 mirum
1081 1171 1130 1231 est
1157 1168 1189 1230 si
1218 1186 1307 1247 quoe
1334 1168 1593 1230 somniantibus
1613 1186 1694 1230 aera

411 1275 620 1338 uideantur?

252 1470 621 1550 salsamentorum
643 1470 744 1532 dabit
764 1471 922 1533 Minerua
942 1507 981 1514 —
998 1469 1121 1551 Ἀθηνᾶ
1138 1468 1253 1548 Ὑγίεια
1276 1473 1438 1532 colebatur
1459 1473 1492 1531 in
1510 1473 1626 1548 Attica,
1651 1473 1690 1532 ei.

412 1581 540 1639 Preller.
565 1580 620 1640 Gr.
646 1576 748 1656 Myth.
773 1581 789 1638 Ι
811 1599 841 1656 p.
867 1580 934 1640 173.

253 1787 305 1863 61,
322 1787 392 1847 1272
413 1773 596 1853 „aliquot
610 1820 617 1834 .
631 1820 638 1835 .
651 1821 658 1835 .
672 1773 858 1835 necessest'’
872 1807 911 1817 —
923 1776 1006 1833 Eun.
1022 1775 1062 1832 fr.
1077 1792 1120 1833 sc.
1136 1792 1175 1833 ex
1187 1774 1250 1833 fab.
1265 1774 1326 1833 inc.
1339 1774 1437 1834 XLIV
1449 1791 1499 1833 vs.
1513 1774 1571 1835 429
1584 1774 1691 1850 Vahl.‚

413 1882 467 1942 ubi
487 1880 651 1958 „somnia
665 1880 803 1958 aliquot
817 1899 892 1941 vera
907 1882 1003 1956 sunt,
1028 1881 1084 1940 sed
1100 1898 1164 1940 non
1180 1898 1310 1941 necesse
1323 1883 1371 1939 est
1386 1880 1529 1942 omnia”
1546 1882 1691 1957 legimus.

413 1990 561 2049 Perhibet
588 1989 672 2049 enim
701 2008 730 2047 v.
754 1989 784 2047 d.
817 1988 1000 2050 Ciceronem
1027 2005 1092 2047 non
1122 1988 1272 2063 scripisse
1301 1986 1491 2064 „noenum”
1517 1987 1569 2065 (ex
1591 1989 1696 2048 Ennio

413 2093 588 2172 videlieet),
612 2096 698 2170 quod
721 2098 833 2154 natum
854 2095 895 2153 sit
916 2112 955 2153 ex
977 2097 1160 2154 correctura
1181 2094 1214 2153 in
1236 2093 1306 2153 cod.
1330 2095 1356 2152 B
1378 2111 1456 2153 non
1479 2111 1586 2154 nunc
1599 2093 1695 2171 (linea

413 2200 579 2278 perducta)
609 2218 778 2261 necesse
802 2205 879 2277 est,
911 2218 985 2261 aum
1010 2201 1102 2259 Voss.
1127 2201 1153 2258 A
1174 2202 1204 2259 et
1225 2200 1359 2259 Vindob.
1385 2217 1579 2260 nonnuno
1599 2201 1696 2260 haec

413 2307 476 2369 eet
503 2310 666 2385 praebent.
710 2308 773 2368 Sed
805 2326 977 2367 noenum
1005 2308 1131 2367 facilius
1158 2308 1191 2366 in
1220 2325 1415 2367 nonnunc
1440 2308 1529 2367 abire
1554 2308 1696 2384 potuisse

414 2418 524 2493 eredo,
549 2435 646 2492 quam
668 2433 862 2475 nonnunc
882 2415 915 2474 in
938 2433 1128 2490 noenum,
1153 2432 1236 2489 quae
1256 2414 1397 2474 librariis
1418 2415 1529 2492 ignota
1550 2433 1613 2474 vox
1633 2417 1691 2473 est.

417 2524 480 2585 Sed
507 2524 681 2583 Vahlenius
709 2523 798 2582 addit
825 2522 1023 2581 cautissime:
1060 2523 1126 2598 „de
1155 2520 1328 2599 versasti)
1352 2522 1454 2581 forma
1483 2539 1581 2597 quam
1603 2522 1696 2597 posui

416 2630 493 2690 nihil
521 2627 686 2689 affirmo.'’
717 2628 832 2688 Baehr.
857 2629 896 2687 ir.
922 2627 981 2687 500
1004 2626 1216 2705 (Epicharmi)
1245 2645 1293 2687 vs.
1319 2629 1514 2703 quadratum
1543 2628 1696 2687 restituit:

415 2738 536 2812 aliquot
557 2736 682 2794 somnia
703 2738 778 2795 vera
801 2737 894 2810 sunt,
919 2735 1058 2793 noenum
1081 2752 1210 2793 neeesse
1231 2736 1279 2793 est
1300 2734 1419 2794 omnia.

258 2937 398 3013 62,128:
421 2949 492 3009 qua
519 2947 714 3009 numquam
742 2928 884 2991 animus
908 2928 1073 2991 insistens
1094 2928 1290 3008 oqitatione
1309 2930 1342 2990 et
1362 2931 1460 2990 motu
1482 2946 1551 2990 esse
1571 2945 1699 2989 camus

415 3039 529 3116 potest
549 3071 597 3097 —.
637 3039 794 3097 Ernestus
830 3054 1025 3116 numquam
1057 3040 1087 3096 et
1119 3054 1188 3097 esse
1219 3053 1347 3097 oaulus
1378 3039 1483 3096 mente
1514 3035 1695 3111 coniunxit,

417 3147 460 3207 ita
492 3148 527 3206 ut
558 3143 721 3206 insistens
753 3145 793 3205 sit
825 3144 1056 3221 „incumbens,
1092 3142 1224 3204 nixus'’.
1261 3144 1472 3222 Hottingerus
1504 3159 1698 3222 numquam

418 3255 458 3313 ad
487 3251 650 3313 insistens
679 3251 732 3329 (=
757 3252 940 3328 quiescens,
971 3252 1121 3311 desinens
1148 3251 1233 3326 alqd.
1265 3250 1372 3328 agere)
1402 3251 1561 3327 pertinere
1589 3253 1696 3326 ratus,

418 3363 492 3420 ante
517 3361 635 3437 potest
664 3359 799 3418 inseruit
831 3376 919 3418 non.
958 3361 1122 3435 Kayserus
1149 3359 1193 3418 ita
1221 3359 1326 3418 locum
1355 3358 1489 3433 accepit:
1520 3360 1698 3434 „naturam

419 3471 524 3528 autem
546 3484 616 3526 eam
637 3467 707 3526 dieo
728 3483 792 3540 qua
813 3466 941 3525 animus
963 3483 1140 3540 numquam
1162 3483 1233 3524 esse
1255 3467 1358 3541 potest
1378 3465 1531 3524 insistens
1549 3465 1569 3524 i.
1583 3482 1609 3524 e.
1631 3465 1700 3523 sine

419 3576 522 3650 motu,
546 3575 589 3633 ita
611 3576 646 3632 ut
668 3571 868 3651 uqitatione
884 3574 916 3632 et
930 3573 1028 3632 motu
1042 3589 1172 3632 uacuus
1189 3572 1383 3648 explicarent
1398 3587 1507 3631 vocem
1522 3569 1698 3644 insistens;

420 3682 506 3757 quod
527 3681 605 3739 mihi
626 3680 719 3740 valde
739 3681 857 3756 placet,
882 3680 957 3754 quia
979 3680 1025 3739 sie
1046 3679 1134 3739 nulla
1156 3696 1238 3754 opus
1259 3682 1307 3738 est
1329 3679 1520 3738 coniectura.

261 3893 400 3970 63‚130:
425 3884 638 3963 Chrysippus
660 3885 800 3963 quidem
822 3884 1074 3946 diuinationem
1098 3883 1232 3946 destun.
1258 3918 1295 3928 -
1321 3887 1362 3945 oi.
1389 3885 1477 3945 Stob.
1502 3886 1610 3962 Eclog.
1635 3885 1697 3944 eth.

420 3994 454 4052 II
476 4012 507 4070 p.
531 3993 588 4054 170
616 3996 646 4053 et
674 4011 704 4069 p.
730 3993 786 4053 183
811 3989 964 4071 μαντικὸν
991 3990 1092 4069 μόνον
1120 3989 1197 4052 εἶναι
1217 3989 1271 4053 τὸν
1291 3990 1481 4063 σπουδαῖον,
1509 3990 1555 4059 ὡς
1575 3991 1615 4052 ἂν
1635 3991 1700 4052 ε’ττι-

421 4099 543 4179 στήμην
568 4099 678 4179 ἔχοντα
706 4097 933 4179 διαγνωστικὴν
954 4098 1095 4178 σημείων
1116 4102 1180 4159 τῶν
1201 4097 1264 4160 ἀπὸ
1285 4097 1374 4160 θεῶν
1395 4099 1414 4178 ἢ
1437 4096 1601 4176 δαιμόνων
1621 4095 1702 4177 πρὸς

422 4205 629 4285 ἀνθρώπινον
656 4205 725 4284 βίον
753 4204 931 4277 τεινόντων,
961 4204 1011 4266 διὸ
1039 4205 1092 4267 καὶ
1120 4203 1156 4265 τὰ
1184 4203 1251 4284 εἴδη
1280 4209 1334 4284 τῆς
1359 4209 1511 4284 μαντικῆς
1536 4202 1703 4283 εἶναιπερὶ

422 4312 534 4385 αὐτὸν,
555 4312 622 4374 τότε
642 4311 886 4392 όνειροιιριτικόν
907 4312 961 4374 καὶ
980 4311 1015 4374 τὸ
1034 4309 1288 4375 οῑωνοσκοπικὸν
1305 4310 1359 4372 καὶ
1373 4312 1404 4373 εἴ
1412 4333 1477 4373 τινα
1493 4310 1571 4373 ἄλλα
1584 4310 1703 4380 τούτοις

422 4419 484 4482 ἐστὶ
503 4420 732 4500 παραπλήσιον.

263 4633 403 4711 63‚130;
423 4620 462 4678 θ1.
495 4618 583 4678 Stob.
616 4620 681 4678 Ecl.
713 4620 776 4679 eth.
808 4619 841 4677 11
870 4636 901 4694 p.
929 4618 984 4677 170
1020 4613 1097 4678 εἶναι
1131 4614 1186 4696 τὴν
1221 4614 1374 4693 μαντικήν
1405 4636 1501 4694 φασιν
1532 4614 1704 4695 ἐπιστήμην

422 4723 672 4804 θεωρηματικὴν
699 4724 840 4804 σημείων
868 4727 932 4785 τῶν
960 4722 1023 4784 ἀπὸ
1052 4723 1141 4784 θεῶν
1168 4724 1188 4802 ἢ
1211 4721 1374 4800 δαιμόνων
1395 4719 1477 4800 πρὸς
1498 4720 1704 4800 ἀνθρώπινον

423 4830 493 4910 βίον
514 4829 743 4893 συντεινόντων.

264 5035 404 5111 64,132;
425 5025 632 5106 Euphorion
653 5029 732 5088 vixit
753 5029 819 5087 fere
840 5027 899 5087 200
920 5045 948 5087 a.
974 5027 1065 5102 (tn,
1095 5027 1229 5101 eiusque
1250 5027 1391 5085 carmina
1414 5025 1525 5085 Latine
1545 5024 1705 5101 expressit

425 5135 520 5194 Corn.
552 5136 679 5211 Galim,
711 5135 832 5195 amicus
861 5135 1005 5210 Vergilii,
1039 5134 1095 5208 qui
1122 5134 1155 5192 in
1184 5133 1251 5193 Eol.
1275 5134 1318 5192 VI
1340 5133 1377 5192 64
1400 5133 1527 5193 Gallum
1548 5133 1580 5189 in
1603 5131 1705 5191 medio

426 5243 592 5301 Musarum
608 5243 704 5301 choro
719 5244 884 5301 canentem
899 5242 973 5301 iacit
987 5242 1027 5300 de
1042 5241 1187 5317 Gryneo,
1211 5240 1292 5302 urbe
1306 5239 1457 5319 AeolidiS,
1482 5239 1537 5299 ubi
1551 5239 1705 5315 templum
