4125 6300
1056 750 1094 811 26

360 996 364 1001 ,
435 934 605 1013 Ephesiae
623 935 760 997 Dianae
778 935 1003 1014 detlaprauit,
1026 936 1145 997 eadem
1163 939 1299 998 eonstat
1316 955 1352 997 en
1371 936 1580 1015 Olympiade
1593 940 1717 998 natum

435 1060 504 1104 esse
531 1042 768 1103 Alexandrum
796 1045 902 1121 atque
928 1042 990 1103 uhi
1019 1043 1129 1105 lueere
1156 1043 1334 1121 coepisset,
1370 1044 1566 1106 clamitasse
1594 1045 1718 1123 Mapos

429 1151 562 1225 pestem
590 1167 631 1210 ae
645 1147 836 1227 pernitiem
858 1148 965 1210 Asiae
980 1167 1156 1226 proeuma
1177 1153 1275 1211 noete
1295 1153 1428 1211 natam.
1452 1152 1534 1212 haee
1556 1151 1598 1212 de
1618 1150 1718 1212 Indis

434 1258 466 1316 et
487 1256 612 1334 Mapis.
639 1255 658 1334 ξ
681 1257 729 1316 48.
755 1255 950 1317 Redeamus
971 1256 1020 1316 ad
1041 1255 1190 1317 somnia.
1651 1339 1653 1345 Α

475 1366 533 1422 Est
553 1365 651 1440 igitur
672 1382 787 1440 operae
807 1364 944 1439 pretium
966 1365 1052 1423 locos
1073 1364 1143 1423 illos
1165 1364 1237 1423 libri
1260 1366 1292 1423 II
1314 1366 1354 1424 de
1375 1383 1406 1424 n.
1428 1367 1458 1424 d.
1480 1364 1582 1442 (initio
1603 1369 1633 1425 et
1655 1366 1716 1424 sub

433 1472 531 1530 finem
552 1469 678 1547 obvios)
701 1474 731 1529 et
749 1471 870 1530 'similes
891 1471 977 1530 locos
998 1470 1072 1529 libri
1094 1470 1109 1528 Ι
1132 1471 1171 1529 de
1192 1471 1255 1529 div.
1281 1471 1364 1531 inter
1385 1489 1420 1531 se
1441 1473 1602 1547 componi:

633 1659 673 1716 de
693 1676 724 1716 n.
749 1658 780 1716 d.
805 1656 848 1715 ΙΙ.
1321 1658 1360 1717 de
1380 1659 1444 1718 div.
1470 1658 1495 1717 Ι.
1553 1684 1554 1687 “

476 1789 547 1868 §6.
591 1790 701 1867 Saepe
730 1790 932 1850 Faunorum
953 1805 1048 1849 voees
1144 1786 1234 1865 581.
1274 1788 1481 1851 Obieiuntur
1497 1790 1603 1850 etiam
1617 1807 1717 1867 saepe

434 1897 628 1973 exauditae,
662 1915 764 1974 saepe
793 1896 887 1957 uisae
914 1897 1049 1956 formae
1101 1894 1235 1955 tormae
1256 1913 1346 1974 quae
1362 1913 1483 1975 reapse
1499 1895 1618 1957 nullae
1635 1898 1717 1956 sunt

434 2004 577 2064 deorum
612 2004 766 2083 quemuis
798 2021 869 2064 non
901 2005 965 2063 aut
994 2001 1047 2062 he·
1101 2000 1246 2077 speeiem
1268 2004 1383 2063 autem
1406 2003 1564 2063 otterunt.

434 2111 541 2172 helem
572 2114 635 2172 aut
662 2111 812 2189 impium
841 2110 923 2171 deos
944 2128 1047 2187 prae·
1144 2107 1253 2185 §Ml
1300 2109 1475 2187 quomodo
1507 2111 1623 2169 autem
1654 2111 1717 2169 aut

432 2216 539 2278 sentis
569 2236 639 2278 esse
665 2216 825 2279 confiteri
852 2219 1047 2295 eoe'tperunt.¹
1102 2216 1195 2275 uates
1225 2217 1288 2275 aut
1314 2215 1529 2277 somniantes
1559 2233 1599 2276 ea
1626 2214 1715 2276 uide·

1102 2323 1180 2396 ant,
1206 2340 1295 2400 quae
1315 2341 1490 2401 nusquam
1512 2321 1617 2383 etiam
1636 2325 1717 2383 tune

1100 2427 1187 2505 sint,
1220 2446 1352 2507 mapna
1380 2429 1537 2508 quaestio
1562 2432 1629 2502 esl,·
1656 2428 1716 2489 sed

1101 2535 1281 2619 euplorata
1301 2536 1333 2597 si
1353 2536 1425 2597 sint
1445 2554 1501 2613 ea,
1527 2538 1716 2615 quae-ante

1102 2642 1224 2721 quaeri
1239 2643 1397 2719 deheant,
1422 2642 1494 2704 sint
1506 2644 1603 2719 haee,
1627 2662 1716 2722 quae

1102 2749 1303 2828 quaerimus
1342 2749 1524 2811 faciliora:
1564 2750 1716 2812 eontinet

1101 2856 1193 2917 enim
1225 2858 1335 2916 totam
1362 2856 1451 2917 hano
1479 2857 1715 2936 quaestionem

1102 2981 1142 3024 ea
1172 2962 1282 3039 ratio,
1319 2967 1408 3041 quae
1438 2966 1487 3025 est
1515 2964 1557 3024 de
1584 2967 1716 3026 natura

1101 3070 1261 3145 deorum,
1308 3087 1396 3147 quae
1437 3087 1459 3129 a
1498 3073 1529 3131 te
1565 3072 1714 3133 seeundo

1102 3176 1191 3238 libro
1213 3180 1262 3238 est
1284 3177 1452 3254 euplioata
1473 3177 1635 3239 dilueide.

475 3283 546 3362 §t
591 3283 848 3353 Praedietiones
896 3305 973 3346 uero
1015 3290 1047 3348 et
1143 3282 1162 3361 ξ
1192 3284 1230 3343 93
1265 3285 1297 3343 in
1330 3285 1408 3343 fine:
1448 3303 1597 3363 aliorum
1631 3286 1711 3364 (soil.

427 3391 692 3468 praesensiones
711 3410 827 3452 rerum
844 3393 1046 3454 tuturarum
1102 3390 1342 3469 interpretum)
1380 3391 1520 3469 quidem
1551 3391 1637 3468 uim,
1657 3413 1659 3416 ·
1676 3395 1716 3454 ut

434 3497 522 3576 quid
552 3497 654 3559 aliud
671 3498 864 3559 -deelarant
891 3498 962 3560 nisi
988 3501 1046 3560 ho·
1103 3500 1140 3559 tu
1160 3496 1248 3558 soles
1269 3496 1397 3573 dicere,
1420 3498 1522 3559 uerha
1538 3497 1617 3576 ipsa
1628 3518 1714 3577 pru-

433 3604 587 3666 mim'hus
618 3623 658 3666 ea
688 3605 840 3682 ostmdi,
876 3609 1046 3667 monstra·
1102 3604 1219 3666 denter
1247 3622 1269 3664 a
1297 3603 1491 3666 maioribus
1512 3605 1635 3685 posita
1660 3606 1714 3668 de·

432 3712 524 3789 rari,
536 3712 718 3790 portendi,
731 3711 914 3790 praedici?
928 3731 964 3774 ee
977 3731 1046 3792 quo
1101 3710 1256 3772 elarant:
1285 3710 1370 3789 quia
1396 3711 1487 3772 enim
1510 3712 1711 3789 ostendunt,

433 3818 498 3880 illa
509 3822 659 3896 ostenta,
677 3822 848 3895 monstra,
863 3822 1043 3897 portenta,
1095 3818 1329 3894 portmdunt,
1352 3820 1560 3895 monstrant,
1572 3820 1714 3897 praedi-

428 3925 601 4004 prodipia
611 3925 785 3987 dieantur.
801 3925 1045 4005 quodsieatie-
1101 3927 1198 4000 eunt,
1229 3927 1379 4000 ostenta,
1408 3928 1589 4003 portenta,
1618 3945 1714 3988 mon·

435 4035 471 4093 ta
492 4032 664 4095 eredimus
685 4032 824 4094 lieentia
844 4033 1046 4094 tabularum
1101 4034 1189 4108 stra,
1208 4032 1381 4111 prodipia
1402 4032 1576 4094 dicuntur.

433 4140 611 4218 Mopsum,
656 4139 837 4216 Tiresiam,
878 4139 1044 4217 Amphia-
1143 4139 1233 4217 587.
1283 4138 1500 4200 Calchantem
1546 4158 1715 4219 aupurem

432 4265 551 4324 raum,
588 4247 831 4324 Calchantem,
855 4246 1043 4323 Helenum,
1073 4256 1075 4358 J
1100 4244 1221 4307 scribit
1232 4245 1407 4306 Homerus
1419 4246 1520 4324 lonpe
1531 4250 1714 4326 optumum

434 4372 521 4432 quos
553 4357 668 4414 tamen
699 4373 849 4433 aupures
879 4372 922 4415 ne
950 4354 1048 4431 ipsae
1073 4359 1075 4384 ¹
1213 4352 1338 4414 tuisse.
1355 4399 1361 4412 .
1377 4398 1406 4413 ..
1443 4352 1462 4431 ξ
1492 4354 1541 4414 88.
1572 4352 1714 4432 Amphi·

434 4460 574 4541 quidem
594 4461 735 4522 fabulae
752 4461 991 4537 adscivissent,
1015 4459 1048 4521 si
1102 4458 1220 4520 loohus
1255 4462 1287 4520 et
1324 4459 1467 4538 Mopsus
1501 4460 1714 4538 Arpinorum

431 4586 486 4630 res
512 4568 655 4630 omnino
675 4568 893 4646 repudiaret,
923 4586 966 4628 ne
987 4567 1046 4628 do·
1099 4584 1195 4645 repes
1224 4568 1366 4628 sumunt
1395 4566 1455 4627 sed
1484 4566 1576 4628 idem
1605 4585 1713 4646 dupu-

433 4675 582 4736 mestieis
609 4675 750 4754 quidem
772 4674 932 4761 exemplis
953 4674 1048 4735 doeti
1099 4692 1173 4734 res.
1190 4721 1196 4734 .
1212 4720 1241 4733 ..
1275 4676 1380 4752 atque
1411 4673 1517 4734 etiam
1545 4677 1626 4735 ante
1652 4674 1715 4736 hos

433 4802 561 4844 numen
577 4781 1047 4865 deorumeonprobahimus?
1100 4779 1339 4858 Amphiaraus
1381 4783 1412 4841 el
1452 4779 1599 4842 Tiresias
1611 4826 1710 4842 .....

1100 4887 1222 4948 anthus
1253 4889 1285 4948 et
1316 4886 1428 4965 sipnis
1446 4887 1636 4948 admoniti
1661 4889 1713 4949 tu-

1101 4997 1182 5056 lura
1203 4993 1362 5055 dieehant
1376 5040 1382 5054 .
1398 5039 1404 5053 .
1420 5041 1449 5054 ..

1142 5101 1239 5179 589.
1294 5099 1400 5161 Asiae
1446 5120 1502 5162 ree
1550 5100 1715 5162 Priamus

1101 5226 1215 5269 nonne
1252 5211 1284 5268 et
1322 5207 1493 5268 Helenum
1529 5195 1647 5268 tilium
1682 5210 1715 5269 et
