4125 6300
946 755 983 815 65

323 941 418 1001 etiarn
440 939 600 1018 significat
618 941 749 1018 perpeti.
773 942 900 1002 Ennius
911 943 1135 1003 Andromacha
1147 943 1350 1003 Acchmaloto
1364 940 1429 1020 (90)
1444 942 1607 1020 „Quantis

323 1066 397 1107 oum
425 1049 588 1108 aerumnis
615 1049 705 1108 illum
733 1049 898 1109 exanclavi
927 1047 1049 1109 diem.”
1080 1049 1193 1109 Accius
1216 1049 1366 1108 Diomede
1389 1047 1493 1126 (270):
1516 1050 1608 1125 „iere

323 1156 561 1215 exanclavimus
599 1157 729 1232 tyranni
765 1174 897 1216 saevum
932 1156 1097 1233 ingenium
1134 1159 1229 1231 atque
1265 1155 1478 1216 execrabile.'’
1518 1156 1606 1215 Idem

323 1262 554 1337 Amphitruone
576 1261 657 1339 (97);
679 1264 931 1339 „pertolerarem
954 1263 1052 1323 vitam
1074 1263 1244 1338 cladesque
1265 1264 1464 1323 exanclarem
1486 1264 1607 1339 impeti·

323 1367 433 1428 bilis.”
474 1369 614 1429 Lucilius
644 1370 699 1429 lib.
730 1371 814 1429 XXX
839 1368 902 1447 (8):
942 1372 1108 1446 „quantas
1144 1387 1272 1445 quoque
1307 1370 1400 1429 modo
1436 1387 1607 1429 aerumnas

323 1479 526 1551 quantosque
561 1476 687 1536 labores
724 1475 940 1537 exanclatis.''
980 1476 1231 1551 Exanclare,
1270 1477 1445 1536 effundere.
1482 1476 1607 1535 Ennius

324 1584 556 1643 Eumenidibus
580 1584 684 1661 (134);
711 1584 801 1660 „nisi
821 1587 945 1660 patrem
967 1586 1112 1643 materno
1134 1584 1292 1661 sanguine
1313 1584 1510 1643 exanclando
1531 1583 1607 1642 ulci-

323 1676 482 1750 sceremss’'
514 1709 545 1767 p.
569 1690 628 1750 107
650 1692 711 1750 M.:
743 1692 976 1750 Exanclare
1003 1693 1052 1749 est
1080 1691 1201 1766 perpeti
1227 1691 1277 1749 vel
1299 1707 1462 1765 superare.
1499 1690 1608 1750 Cicero

323 1797 583 1857 Academicorum
609 1798 691 1857 libro
720 1797 789 1856 IIII
821 1794 915 1874 [Edd.
935 1798 968 1856 II
985 1795 1005 1874 ἓ
1020 1794 1091 1874 108]
1126 1796 1319 1873 „credoque
1348 1797 1543 1857 Clitomacho
1564 1796 1607 1856 ita

324 1903 490 1979 scribenti,
525 1905 561 1963 ut
592 1891 723 1963 Herculi
750 1904 912 1979 quendam
939 1904 1081 1963 laborem
1113 1901 1352 1963 exanclatum.’'
1394 1904 1435 1962 Et
1455 1904 1607 1963 Tuscula·

324 2028 440 2070 narum
467 2011 488 2070 l.
513 2008 677 2089 1[§118]
702 2010 838 2087 „Quod,
870 2029 942 2071 cum
971 2011 1205 2070 exanclavisset
1232 2028 1343 2069 omnes
1365 2010 1507 2084 laboreS,
1539 2014 1607 2070 tum

323 2118 475 2178 incideret
491 2118 525 2176 in
544 2119 656 2178 mortis
675 2118 794 2177 malurn
813 2118 1054 2194 sempiternum.
1086 2118 1174 2177 Adde
1192 2119 1270 2177 Hor.
1286 2117 1396 2193 12,78
1414 2118 1608 2193 „haurimus

323 2222 489 2284 laborem''
512 2224 622 2284 eodem
643 2227 735 2300 pacto
752 2242 817 2300 quo
836 2226 997 2285 Pacuvius
1015 2226 1061 2284 l.l.
1083 2242 1174 2301 „non
1192 2227 1299 2300 potest·
1314 2225 1473 2283 exanclari
1491 2222 1606 2283 labos’'

323 2332 412 2390 dixit.
444 2330 575 2400 Quintil.
600 2331 672 2406 16,
697 2331 736 2391 40
763 2332 851 2407 „iarn
880 2332 1070 2391 oblitteratis
1098 2332 1230 2407 repetita
1257 2331 1470 2407 temporibuS,
1500 2331 1607 2405 qualia
1697 2349 1701 2357 ’

324 2441 401 2498 sunt
430 2439 552 2515 topper
578 2442 609 2498 et
636 2436 815 2516 anteparta
843 2441 873 2498 et
902 2438 1081 2499 cronolore
1107 2442 1137 2498 et
1162 2436 1374 2515 prosapia.’'
1406 2437 1453 2498 Gi.
1478 2438 1605 2514 Walde,

325 2546 392 2605 Lat.
418 2546 523 2622 Etym.
548 2546 726 2621 Wdrterb.,
758 2563 819 2605 s.v.
845 2547 979 2621 anclo,
1010 2562 1079 2605 -are
1100 2546 1296 2622 „schlipienz
1323 2562 1383 2605 aus
1405 2562 1455 2621 gr.
1476 2541 1606 2618 divisim

324 2652 374 2711 bei
396 2653 530 2712 Plautus
552 2654 634 2713 noch
655 2653 834 2728 exantlare,
859 2653 947 2713 nicht
969 2651 1174 2713 exanclare.'’

166 2851 221 2926 31,
251 2849 306 2909 66:
328 2829 377 2891 od
407 2830 521 2892 focum
553 2829 752 2892 nundinari
782 2830 893 2892 solent
928 2864 968 2875 —
1007 2831 1219 2908 Hottingerus
1251 2831 1450 2907 „nundinari
1481 2830 1609 2906 proprie

326 2937 559 3015 dicebantur,'’
593 2940 714 3014 inquit,
750 2939 888 3015 „rustici
920 2956 1005 2998 nono
1037 2939 1104 3014 die,
1138 2938 1320 2998 intermisso
1348 2955 1440 3013 rure,
1474 2939 1608 2996 Romam

326 3044 525 3105 venientes”.
560 3046 741 3105 Nundinari
772 3046 871 3123 igitur
902 3047 989 3122 apud
1021 3046 1084 3106 Cic.
1119 3064 1178 3122 pro
1207 3046 1305 3105 verbo
1333 3045 1484 3105 versandi
1513 3062 1607 3104 usur-

326 3154 437 3229 patum
459 3155 516 3213 est.

164 3350 221 3425 32,
250 3348 305 3408 692
327 3336 403 3394 Post
437 3333 533 3395 Veios
561 3334 737 3394 Lambinus
765 3335 889 3410 primus
918 3335 1072 3395 asterisco
1100 3335 1222 3394 notavit
1251 3334 1371 3409 aliquid
1399 3335 1511 3394 deesse
1531 3336 1606 3393 ante

325 3440 395 3518 ita,
419 3442 495 3516 quia
517 3441 614 3500 verba
636 3441 856 3517 praecedentia
877 3438 943 3501 illo
960 3440 1145 3518 proedicto
1165 3459 1275 3502 carere
1292 3442 1477 3502 viderentur
1492 3441 1605 3516 verbo,

325 3567 463 3624 quocum
485 3551 558 3624 apte
571 3549 786 3608 cohaererent.
812 3546 905 3608 Nom
919 3549 1062 3608 hocloco
1076 3549 1135 3626 „in
1150 3547 1397 3625 praeteritione'’
1414 3551 1607 3623 usurpatum

326 3658 390 3732 est,
415 3658 451 3715 ut
471 3648 592 3730 aliquid
612 3655 768 3715 omissum
791 3655 832 3714 sit
853 3655 940 3730 quod
961 3643 1070 3733 magni
1092 3656 1132 3715 sit
1154 3640 1321 3731 momenti,
1345 3657 1412 3731 vel,
1436 3656 1468 3715 in
1491 3672 1608 3732 „occu-

326 3761 489 3840 patione”,
518 3763 555 3821 ut
580 3762 729 3822 refutatio
755 3763 847 3837 quasi
870 3763 1076 3838 anticipetur;
1107 3763 1169 3822 vid.
1196 3763 1384 3823 Kiihnerum
1406 3763 1548 3823 Gramm.
1574 3760 1607 3820 II

295 3849 298 3853 ⁵
327 3889 357 3947 p.
383 3869 440 3930 719
462 3886 524 3945 sq..
550 3869 727 3945 Christius,
761 3887 857 3945 quem
879 3871 1097 3930 Thoresenius
1116 3851 1282 3946 sequitur,
1314 3871 1462 3929 lacunam
1484 3871 1605 3945 explet:

334 3975 447 4039 Veios:
469 3974 567 4036 omni
587 3993 623 4037 cr
635 3978 741 4054 porte
754 3978 836 4037 roto
850 3975 1075 4038 metimur?
1095 3994 1181 4038 nom
1196 3958 1313 4037 minus
1328 3975 1442 4036 Romo
1456 3994 1479 4036 a
1497 3973 1593 4037 Galli

328 4085 432 4161 copto
453 4080 526 4143 esi?
545 4081 599 4143 ito
619 4099 715 4160 aquo
736 4085 793 4144 cet.

162 4269 219 4345 34,
251 4269 306 4328 72:
329 4253 528 4333 tripudium
545 4252 767 4314 solistimum.
792 4256 907 4314 Festus
922 4273 948 4316 s.
959 4273 988 4313 v.
1011 4237 1112 4331 pulsi
1136 4255 1240 4332 „Puls
1254 4254 1456 4330 potissimum
1471 4254 1609 4314 dabatur

327 4363 422 4441 pullis
450 4363 483 4422 in
511 4362 679 4438 auspiciis,
711 4363 787 4437 quia
815 4379 854 4422 ex
882 4380 919 4422 ea
947 4379 1078 4423 necesse
1102 4364 1171 4422 erat
1196 4361 1316 4437 aliquid
1338 4361 1498 4438 decidere,
1522 4362 1608 4436 quod

328 4471 504 4547 tripudium
526 4471 659 4546 faceret,
683 4469 784 4529 idest
805 4470 1025 4545 terripavium.
1051 4470 1166 4529 Pavire
1186 4470 1269 4529 enim
1290 4469 1385 4527 ferire
1399 4471 1456 4528 est.
1482 4470 1607 4528 Bonum

327 4580 412 4638 enim
443 4578 616 4655 augurium
648 4594 719 4637 esse
750 4577 923 4653 putabant,
959 4578 986 4636 si
1013 4577 1110 4653 pulli,
1142 4595 1199 4653 per
1226 4594 1308 4652 quos
1337 4577 1605 4653 auspicabantur,

327 4686 554 4761 comedissent,
589 4685 777 4761 praesertim
810 4686 837 4743 si
867 4686 913 4743 eis
944 4683 1114 4744 edentibus
1142 4684 1262 4758 aliquid
1288 4671 1331 4743 ab
1352 4701 1407 4742 ore
1427 4683 1605 4742 decidisset.

330 4792 387 4852 Sin
409 4795 515 4852 autern
536 4791 666 4851 omnino
688 4809 752 4850 non
774 4791 929 4867 edissent,
954 4791 1197 4850 arbitrabantur
1218 4791 1395 4867 periculum
1413 4788 1604 4849 inminere‘’.

329 4899 376 4959 Oi.
403 4899 493 4960 Serv.
518 4899 559 4959 ad
580 4899 646 4958 Ecl.
671 4899 749 4957 VIII
772 4897 826 4958 29:
859 4898 1001 4975 „dicitur
1021 4897 1116 4957 etiam
1138 4898 1208 4957 ideo
1229 4915 1247 4957 a
1270 4914 1353 4957 novo
1374 4897 1489 4957 marito
1510 4915 1608 4957 nuces

329 5007 437 5082 spargi
458 5006 589 5082 debere,
613 5006 700 5081 quod
718 5006 875 5081 proiectae
891 5006 1057 5064 interram
1073 5004 1250 5080 tripudium
1266 5005 1457 5064 solistimum
1472 5005 1605 5082 faciant,

328 5114 415 5188 quod
436 5115 614 5189 auspicium
636 5114 678 5172 ad
696 5130 763 5173 rem
778 5113 964 5172 ordiendam
979 5113 1135 5188 optimum
1151 5111 1235 5172 est.'’
1264 5113 1375 5172 Walde
1395 5112 1608 5187 tripudium

330 5220 384 5302 (ε
405 5218 659 5299 „Dreischritt'';
688 5220 892 5299 tripudio,
925 5237 993 5281 -are
1021 5219 1089 5297 „im
1113 5219 1300 5284 Dreischritt
1322 5217 1517 5298 stampfen'',
1542 5220 1609 5280 tri·

1484 5318 1500 5372 h
