4125 6300
995 723 1033 784 39

375 912 448 988 139,
481 911 538 970 140
567 911 654 970 nulla
683 928 779 970 causa
808 912 925 971 addita.
960 912 999 970 At
1027 911 1226 987 argumentis
1254 911 1314 969 hoc
1341 910 1541 985 probandum
1571 911 1653 982 erat;

373 1020 441 1094 ipse
471 1018 555 1077 enim
587 1020 737 1095 Hoyerus
769 1018 913 1078 Antiochi
944 1021 974 1077 et
1006 1017 1167 1077 Posidonii
1199 1017 1376 1077 doctrinam
1408 1019 1438 1077 et
1470 1016 1584 1092 placita
1610 1018 1654 1076 ita

373 1126 542 1185 coniuncta
563 1143 633 1184 esse
654 1127 777 1201 censet,
801 1128 838 1184 ut
858 1125 924 1184 iere
945 1126 1055 1184 eadem
1078 1125 1151 1184 sint.
1178 1124 1320 1200 Denique
1338 1124 1365 1183 si
1383 1124 1534 1183 addidero
1550 1123 1655 1181 virum

373 1231 501 1293 doctum
532 1233 657 1307 opinari
667 1230 693 1308 1)
727 1233 760 1290 II
791 1230 811 1309 ᾗ
843 1231 921 1292 laea
952 1232 1234 1308 „observationem
1265 1229 1475 1290 diuturnam''
1505 1231 1652 1306 tractari,

373 1356 456 1413 quae
488 1338 507 1416 ξ
534 1339 571 1398 70
599 1339 661 1397 iam
690 1342 818 1413 peracta
846 1339 903 1413 sit,
938 1356 1043 1413 neque
1070 1338 1336 1398 animadvertisse
1362 1339 1396 1397 II
1426 1337 1463 1398 70
1491 1337 1531 1397 de
1557 1339 1655 1397 totius

372 1446 578 1505 divinationis
605 1445 844 1520 observatione,
875 1446 909 1503 ΙΙ
938 1444 1016 1505 146ὺ
1045 1446 1085 1505 de
1113 1446 1311 1531 somniorum
1339 1446 1562 1504 observatione
1590 1461 1654 1504 ser-

373 1570 498 1611 monem
524 1570 611 1628 esse,
642 1553 712 1611 iure
739 1552 823 1611 hanc
851 1552 1040 1611 sententiam
1070 1553 1190 1628 Hoyeri
1211 1553 1343 1611 missam
1365 1552 1469 1612 iacere
1490 1569 1541 1612 me
1561 1568 1656 1627 posse

373 1660 545 1719 confidam.

557 1825 590 1889 0·
635 1841 681 1886 ΒΕ
704 1839 973 1887 COMPOSITIONE
995 1839 1123 1887 TOTIUS
1145 1838 1275 1887 OPERIS
1297 1840 1474 1887 TULLIANI.

413 2016 505 2074 Nunc
522 2016 673 2089 quoniam
691 2015 731 2073 de
747 2015 918 2089 utriusque
931 2014 1004 2073 libri
1019 2014 1162 2073 tontibus
1178 2014 1320 2090 egimuS,
1344 2032 1411 2073 ere
1424 2015 1484 2073 erit
1498 2016 1654 2090 quaedam

372 2125 524 2197 tractare,
550 2139 633 2197 quae
653 2138 752 2197 supra
774 2121 979 2196 reliquimus,
1004 2138 1045 2179 ne
1066 2122 1145 2180 ordo
1162 2121 1387 2197 disputationis
1406 2121 1652 2195 disturbaretur,

373 2246 519 2303 quaeque
546 2229 659 2288 melius
685 2229 919 2305 intellegentur,
951 2229 979 2286 si
1006 2230 1109 2287 totum
1137 2245 1219 2303 opus
1247 2246 1313 2287 uno
1333 2230 1505 2304 conspectu
1527 2245 1655 2304 percen-

373 2335 525 2395 sebimus
859 2334 863 2339 ’

412 2443 483 2501 Non
510 2443 645 2501 dubium
672 2444 737 2518 est,
769 2441 847 2517 quin
877 2441 1021 2502 Ciceroni
1049 2442 1113 2501 iam
1141 2440 1181 2500 de
1209 2444 1324 2500 natura
1351 2441 1485 2501 deorum
1506 2442 1656 2501 scribenti

373 2548 405 2606 in
437 2549 543 2608 animo
573 2549 669 2607 fuerit
699 2549 739 2607 de
766 2548 962 2608 divinatione
989 2551 1020 2607 et
1047 2547 1087 2607 de
1114 2548 1179 2607 fato
1208 2548 1392 2624 singillatim
1420 2548 1591 2608 disserere:
1623 2549 1655 2607 id

372 2656 456 2714 enim
485 2658 570 2731 patet
598 2674 615 2715 e
642 2656 839 2731 praefatione
865 2655 938 2715 libri
967 2656 1100 2715 secundi
1109 2654 1135 2731 2)
1166 2658 1196 2714 et
1219 2672 1236 2713 e
1256 2655 1399 2714 locorum
1421 2656 1656 2731 comparatione

314 2821 323 2839 ‚
373 2779 469 2836 quam
498 2780 597 2837 supra
625 2762 823 2821 instituimus
833 2759 879 2838 3),
911 2778 1108 2837 quamquam
1136 2761 1304 2820 eonsilium
1334 2761 1412 2819 illud
1438 2761 1471 2819 in
1492 2761 1596 2820 libello
1617 2762 1657 2820 de
1730 2794 1734 2803 ·

372 2869 438 2927 iata
468 2870 601 2945 paulum
629 2868 764 2927 mutavit
775 2867 813 2944 4).
848 2869 917 2927 Iam
946 2885 1046 2943 supra
1075 2868 1257 2928 Ciceronem
1286 2871 1316 2927 et
1345 2869 1378 2926 in
1406 2869 1487 2927 libro
1516 2870 1656 2928 secundo

372 2976 412 3034 de
440 2979 556 3035 natura
584 2977 717 3035 deorum
747 2974 850 3052 (initio
877 2978 908 3034 et
935 2973 1013 3051 tine)
1043 2977 1073 3033 et
1101 2975 1134 3033 in
1160 2974 1242 3034 libro
1270 2958 1374 3050 primo
1401 2976 1441 3034 de
1461 2975 1656 3034 divinatione

374 3083 535 3142 Posidonii
565 3080 637 3161 περὶ
666 3080 755 3143 θεῶν
782 3082 969 3141 adhibuisse
996 3082 1300 3141 demonstravimus.
1334 3083 1655 3158 Nequemirandum

372 3194 420 3249 est
451 3192 651 3266 Ciceronem,
686 3208 759 3250 cum
790 3188 868 3248 illud
900 3206 983 3265 opus
1013 3189 1077 3248 iam
1105 3189 1196 3264 prius
1223 3190 1450 3266 excerpsisset,
1486 3191 1591 3250 denuo
1619 3208 1656 3249 eo

372 3315 469 3356 usum
500 3315 571 3357 esse
599 3298 633 3355 ia
663 3296 745 3356 libro
776 3297 879 3372 primo
910 3296 950 3355 de
980 3296 1192 3372 divinatione,
1231 3297 1305 3371 quia
1338 3297 1543 3356 divinationis
1575 3297 1655 3356 ratio

372 3407 505 3464 deorum
533 3407 649 3464 natura
677 3404 876 3463 contineatur
886 3401 925 3479 5).
957 3403 1128 3478 Reliquum
1152 3405 1256 3462 estut
1278 3420 1489 3480 quaeramuS,
1521 3422 1655 3464 curnam

374 3513 564 3571 Posidonius
595 3512 689 3571 aliam
721 3511 876 3570 rationem
907 3511 1113 3570 divinationis
1146 3511 1398 3587 promulgaverit
1429 3528 1526 3586 quarn
1555 3511 1655 3588 Chry-

373 3621 485 3695 sippus
512 3622 542 3678 et
563 3619 736 3694 Antipater.
767 3619 848 3678 Nam
877 3617 1079 3694 Chrysippus
1102 3618 1262 3692 nondum,
1294 3619 1379 3693 quod
1402 3619 1558 3694 sciamus,
1589 3622 1655 3678 tam

373 3727 529 3785 subtiliter
560 3726 715 3785 rationem
746 3725 921 3784 humanam
952 3726 982 3783 et
1010 3724 1238 3784 divinationem
1267 3725 1417 3784 discrevit
1443 3742 1540 3799 quam
1569 3726 1655 3784 Posi-

372 3833 504 3908 donius,
535 3833 591 3908 qui
612 3832 818 3891 artificiosam
841 3829 1150 3907 „praesensionem”
1175 3831 1420 3906 naturalemque
1441 3848 1513 3891 eum
1535 3832 1655 3907 impetu

372 3941 504 4000 deorum
535 3943 566 3999 et
597 3940 666 3998 sine
695 3957 732 3998 eo
759 3922 830 3998 esse
857 3956 952 4015 posse
979 3938 1189 4015 existimavit,
1224 3941 1259 3998 ut
1286 3939 1355 4013 ipse
1384 3938 1492 3999 Cicero
1520 3942 1655 3999 testatur

407 4204 429 4267 1)
465 4223 491 4272 p.
511 4204 554 4259 62.

406 4293 428 4357 2)
465 4294 556 4361 quibua
581 4295 655 4345 editu
679 4302 727 4345 tres
747 4295 807 4345 iibri
827 4295 932 4361 perfecti
955 4302 1013 4345 erent
1026 4296 1069 4349 ¹de
1087 4303 1181 4346 natura
1200 4297 1319 4359 deorum,
1345 4299 1373 4346 in
1392 4296 1483 4363 quibua
1502 4297 1582 4347 amnia
1600 4297 1655 4347 eius

372 4379 420 4434 loci
446 4384 560 4450 quaestio
587 4384 737 4445 contimtum
765 4401 831 4450 quae
857 4391 886 4433 ut
908 4384 985 4450 piane
1010 4391 1073 4435 esset
1097 4385 1270 4452 cumulateque
1293 4387 1417 4452 perfecta,
1445 4386 1475 4436 de
1500 4386 1655 4436 divinatione

371 4473 478 4540 inpressi
501 4490 587 4524 aumas
612 4473 651 4523 itis
677 4473 747 4523 libris
772 4473 878 4524 scribere
904 4473 995 4540 quibua
1019 4481 1047 4523 ut
1069 4481 1104 4524 est
1122 4475 1150 4524 in
1169 4475 1266 4538 anima,
1293 4475 1324 4525 da
1336 4475 1393 4540 saio
1412 4476 1435 4525 ei
1453 4475 1654 4539 adiunxerimus,

372 4563 418 4612 erit
436 4561 535 4613 abunde
552 4563 707 4628 emissaatum
725 4564 770 4612 tati
789 4563 846 4613 huie
865 4563 1022 4629 quaestioni,
1044 4562 1076 4614 de
1095 4562 1146 4614 div.
1167 4563 1195 4613 ΙΙ
1214 4564 1228 4630 ξ
1248 4563 1272 4616 3.

407 4650 429 4713 3)
467 4651 518 4703 vid.
537 4669 563 4718 p.
583 4652 627 4704 37.

406 4740 430 4806 ⁴)
466 4742 533 4809 qued
557 4749 641 4793 uatem
665 4743 693 4792 in
718 4743 752 4792 iia
773 4742 845 4792 libris
857 4743 910 4808 feci
929 4743 974 4809 qui
992 4749 1050 4792 sunt
1068 4743 1099 4792 de
1117 4749 1211 4792 natura
1229 4743 1344 4806 deorum,
1369 4743 1477 4809 itemque
1495 4743 1523 4793 in
1541 4743 1575 4794 iis
1593 4761 1655 4809 quoa

371 4832 402 4881 de
420 4832 574 4882 divinatione
593 4831 677 4895 edidi,
696 4832 770 4881 utin
788 4838 920 4898 utramque
935 4839 1036 4898 partem
1049 4838 1174 4898 perpetua
1192 4831 1357 4898 explicaretur
1373 4832 1468 4896 oratio,
1488 4849 1537 4898 quo
1548 4832 1655 4898 facilius

371 4921 399 4970 id
424 4939 440 4971 a
464 4939 562 4988 quaque
584 4920 747 4988 probaretur,
772 4921 841 4987 quod
865 4921 956 4988 auique
976 4922 1082 4972 martae
1099 4920 1230 4988 probabile
1249 4921 1385 4984 videretur,
1412 4921 1440 4971 id
1457 4921 1486 4971 iu
1505 4921 1550 4972 iac
1568 4922 1655 4989 dispu-

371 5011 464 5061 tatione
482 5011 513 5060 dc
524 5012 582 5076 sato
600 5028 673 5060 cavus
691 5011 796 5077 quidam
813 5029 845 5061 ne
858 5011 970 5076 facerem
988 5011 1125 5078 impedivit.
1145 5010 1177 5061 de
1196 5011 1249 5060 fato
1269 5011 1283 5076 ξ
1305 5011 1327 5060 l.

406 5097 428 5164 5)
464 5100 494 5150 ci.
514 5098 546 5150 de
564 5099 616 5150 div.
636 5099 665 5163 I,
685 5101 699 5167 ξ
721 5101 782 5151 117:
806 5100 915 5150 continet
933 5100 999 5150 enirn
1017 5107 1094 5151 toturn
1113 5100 1175 5150 iane
1194 5099 1365 5166 quaestionem
1384 5117 1415 5150 eu
1432 5100 1513 5164 ratio,
1537 5118 1602 5167 quae
1621 5107 1655 5151 est

371 5189 401 5239 de
419 5196 513 5239 natura
531 5189 648 5254 demunt,
668 5207 733 5256 quae
752 5207 769 5239 a
788 5196 810 5240 te
828 5190 936 5240 aeorvrtdo
956 5189 1018 5239 libro
1038 5196 1074 5240 est
1093 5189 1215 5256 eapiieata
1233 5189 1352 5240 dilucide.
