4125 6300
1041 732 1116 844 ss

259 968 315 1045 42,
342 966 398 1029 89:
420 966 545 1030 etenim
577 987 653 1030 cum
686 967 861 1047 pampus
893 968 981 1031 unni
1013 971 1324 1049 tempestatumque
1351 970 1438 1032 caeti
1465 972 1700 1036 conversiones

422 1076 777 1155 commutationesque
819 1079 938 1156 tantae
978 1076 1071 1138 fiant
1109 1095 1243 1139 accessu
1281 1077 1461 1140 stellarum
1500 1083 1532 1141 et
1568 1099 1700 1143 recessu

419 1185 527 1258 codd.;
551 1218 589 1227 —
613 1185 766 1262 tempore
786 1183 874 1245 anni
896 1186 1139 1262 tempestatum
1162 1187 1267 1263 atque
1287 1184 1374 1247 caeti
1394 1188 1502 1248 Madv.
1526 1192 1556 1248 et
1578 1191 1695 1266 Kays,

420 1293 613 1369 temporum
641 1291 729 1352 anni
758 1294 1068 1371 tempestatumque
1095 1292 1182 1354 caeti
1209 1295 1297 1353 Hott.
1329 1295 1435 1354 Lectio
1462 1296 1578 1356 tradita
1600 1314 1698 1357 sensu

418 1401 513 1458 caret.
557 1400 737 1476 Hottingeri
772 1400 952 1459 coniectura
988 1400 1065 1458 mihi
1100 1401 1217 1476 placet,
1256 1402 1330 1475 quia
1365 1402 1470 1461 locum
1506 1406 1599 1462 sanat
1633 1421 1697 1463 non

418 1506 526 1564 multis
547 1506 678 1565 mutatis
684 1524 692 1579 ;
715 1505 950 1593 conversiones
969 1506 1054 1565 enim
1078 1506 1272 1583 temporum
1293 1506 1467 1567 annitere
1488 1509 1570 1568 idem
1593 1513 1640 1569 est
1661 1528 1698 1569 ac

417 1613 583 1671 conversio
611 1613 851 1688 tempestatum,
883 1629 966 1687 quae
992 1613 1073 1672 aliae
1101 1615 1177 1672 sunt
1205 1613 1266 1672 alio
1287 1616 1429 1690 tempore
1450 1616 1541 1689 anni;
1571 1620 1601 1675 et
1622 1617 1697 1691 quia

416 1718 495 1777 illud
516 1718 555 1777 de
575 1718 725 1777 omnibus
746 1717 823 1777 anni
843 1719 1042 1794 temporibus
1063 1719 1163 1795 valet,
1188 1735 1257 1778 non
1275 1721 1416 1795 recipere
1434 1722 1527 1780 velim
1545 1723 1697 1799 Madvigii

416 1828 447 1884 et
468 1826 602 1901 Kayseri
623 1826 836 1885 coniecturam
858 1826 914 1900 qui
935 1826 1132 1902 singularem
1154 1826 1279 1902 legunt:
1304 1827 1456 1904 tempore
1477 1826 1573 1888 anni.

256 2041 312 2115 44,
340 2040 394 2099 92:
416 2038 513 2099 orbes
637 2036 792 2117 ὁρίζοντες
916 2036 1078 2099 finientes
1098 2072 1138 2081 —
1164 2040 1203 2099 cl.
1231 2039 1303 2100 Sex.
1328 2040 1421 2115 Emp.
1446 2041 1518 2100 adv.
1544 2042 1692 2101 Mathem.

415 2146 516 2206 V83:
544 2143 598 2205 καὶ
625 2143 670 2205 ὅτι
697 2143 790 2205 ταῦθ’
820 2143 923 2212 οὕτως
950 2144 1028 2224 ἔχει,
1057 2142 1220 2224 πρόδηλον
1248 2144 1283 2205 ἐκ
1308 2149 1363 2205 τοῦ
1385 2144 1438 2206 καὶ
1458 2144 1530 2213 τοὺς
1551 2144 1697 2214 ἀπλανεῖς

416 2249 562 2330 ἀστέρας,
593 2250 742 2329 καθάπερ
763 2250 958 2330 Ἄρκτουρον
985 2249 1039 2312 καὶ
1067 2247 1175 2321 Κύνα,
1203 2250 1248 2330 μὴ
1275 2249 1354 2311 κατὰ
1382 2249 1435 2312 τὸν
1463 2250 1558 2313 αὐτὸν
1579 2251 1696 2332 χρόνον

415 2362 477 2426 τοῖς
497 2358 530 2419 e’r
550 2357 640 2419 narii
659 2355 783 2437 ’κλίματι
804 2362 985 2419 κατοικοῦσι
1007 2356 1177 2436 φαίνεσθαι
1198 2355 1265 2418 ἀλλ’
1289 2356 1393 2425 ἄλλοις
1413 2357 1482 2419 κατ’
1505 2356 1608 2421 ἄλλον.

258 2566 314 2623 44:
339 2565 393 2625 93:
416 2555 514 2633 apud
546 2554 792 2634 Proqtodqtas,
826 2557 867 2615 ut
896 2553 1062 2616 scribitur
1092 2588 1131 2598 —
1167 2556 1206 2614 cf.
1243 2556 1360 2614 Herod.
1395 2555 1439 2614 IV
1472 2555 1543 2630 183;
1579 2556 1695 2616 Strabo

415 2661 520 2738 XVII,
546 2664 580 2739 1,
604 2681 634 2739 p.
659 2662 727 2723 819.

254 2859 309 2919 46;
335 2859 392 2919 97;
414 2847 452 2909 in
467 2847 715 2927 periclitandis
735 2847 1022 2927 ecpuiundisque
1037 2846 1161 2925 pueris
1179 2881 1215 2889 -
1239 2849 1259 2907 i.
1271 2867 1298 2909 e.
1321 2848 1484 2908 stellarum
1506 2849 1693 2924 positionem

414 2958 446 3015 in
481 2960 623 3033 tempore
656 2957 808 3016 nascendi
842 2974 915 3015 cum
950 2956 1087 3031 posteris
1122 2956 1250 3015 casibus
1285 2959 1315 3015 et
1346 2956 1444 3015 animi
1475 2955 1581 3015 indole
1611 2974 1693 3016 com·

414 3064 567 3139 parando.

252 3262 309 3336 47,
337 3261 391 3321 98:
412 3251 452 3312 in
479 3249 564 3330 iuqo
690 3251 776 3312 tuna
802 3285 841 3293 —
868 3253 981 3328 iugum
1008 3253 1057 3310 est
1084 3251 1183 3326 libra,
1214 3251 1253 3310 cf.
1278 3250 1376 3311 Solin.
1401 3269 1427 3310 c.
1454 3252 1487 3309 1:
1510 3252 1693 3327 „Romulus

412 3360 620 3418 fundamenta
635 3376 801 3417 murorum
816 3359 886 3418 iecit
900 3359 977 3418 Iove
991 3359 1023 3416 in
1039 3358 1196 3434 piscibuS,
1222 3360 1313 3418 Luna
1327 3359 1360 3417 in
1375 3359 1456 3418 libra
1471 3358 1689 3418 constitutis”.

252 3554 392 3630 50,104:
412 3562 474 3623 eqo
574 3561 683 3623 penus
703 3577 742 3586 -
763 3539 889 3603 Enniiis
909 3545 949 3603 ir.
976 3543 1026 3605 Sc.
1052 3562 1091 3604 ex
1112 3545 1293 3621 Melanippa
1316 3546 1359 3604 IV
1377 3563 1426 3605 vs.
1443 3545 1502 3605 316
1516 3546 1623 3620 Vahl.;
1646 3547 1686 3606 ci.

412 3652 474 3712 (iic.
499 3653 538 3712 de
560 3656 624 3711 nat.
649 3652 680 3710 d.
705 3651 832 3727 11132,
858 3651 910 3725 79,
933 3652 972 3711 de
993 3653 1057 3711 div.
1082 3653 1098 3710 Ι
1121 3652 1175 3727 58,
1203 3653 1271 3713 132.

251 3852 304 3926 53,
321 3794 391 3909 408:
412 3838 614 3917 adsumptio
635 3873 675 3884 —
695 3840 715 3898 i.
740 3857 770 3914 q.
795 3824 970 3916 propositio
991 3841 1096 3899 minor
1118 3841 1216 3918 vulgo
1236 3841 1362 3901 dicitur.

251 4037 391 4112 54,110:
412 4044 561 4105 quorum
588 4025 759 4105 interpres
779 4060 817 4070 -
846 4028 885 4086 cf.
919 4026 1006 4087 Suet.
1039 4027 1129 4088 Caes.
1155 4027 1209 4088 79:
1238 4027 1349 4104 „Quin
1378 4029 1472 4088 etiam
1495 4029 1584 4088 varia
1605 4029 1691 4087 fama

409 4135 605 4210 percebruit,
635 4167 675 4178 —
703 4135 848 4211 proximo
876 4137 989 4193 senatu
1011 4135 1046 4193 L.
1072 4135 1197 4195 Cottam
1226 4135 1407 4210 quindecim
1437 4137 1542 4194 virum
1565 4139 1690 4195 senten·

408 4242 485 4301 tiam
513 4242 689 4302 dicturum:
718 4244 770 4316 ut,
801 4242 953 4316 quoniam
981 4241 1072 4300 libris
1098 4241 1250 4301 tatalibus
1276 4243 1508 4318 contineretur,
1534 4243 1686 4317 Parthos,

376 4337 382 4347 ’
409 4350 470 4408 11ἰεί
492 4367 511 4408 a
532 4367 626 4425 rege
647 4365 711 4408 non
733 4365 828 4424 posse
849 4348 949 4423 vinci,
976 4348 1094 4408 Caesar
1116 4366 1173 4408 rex
1195 4339 1446 4425 appellaretur.”

249 4546 389 4622 54,111,
416 4524 454 4600 Q.
479 4523 618 4585 Ennius
637 4523 716 4585 tecit
735 4558 774 4567 —
795 4526 879 4584 Enn.
904 4525 944 4582 fr.
968 4525 1030 4584 inc.
1055 4523 1093 4584 53
1115 4525 1204 4584 Vahl.

248 4723 388 4797 54,112:
408 4729 444 4772 ee
459 4708 573 4789 primi
593 4726 709 4770 ausus
730 4707 856 4770 titteris
875 4710 953 4785 AB,
978 4726 1015 4770 en
1023 4707 1155 4786 primis
1168 4726 1285 4770 uersus
1299 4707 1425 4770 titteris
1440 4711 1480 4785 V,
1506 4727 1543 4770 en
1559 4707 1688 4786 primis

407 4834 567 4877 ausuum
590 4814 715 4877 titteris
736 4816 863 4891 Davis,
889 4832 925 4875 ec
943 4813 1072 4892 primis
1093 4814 1259 4894 cuiusque
1279 4832 1395 4876 umsus
1410 4814 1536 4876 titteris
1551 4816 1685 4891 Christ,

407 4922 589 5001 exprimis
605 4920 718 5001 primi
739 4920 906 5000 metusque
925 4939 1043 4983 uersus
1065 4921 1190 4984 titteris
1211 4921 1337 4982 Miiller.
1367 4957 1406 4964 -
1432 4924 1553 4982 Davisii
1568 4924 1687 4982 coniec-

406 5035 479 5091 tura
511 5048 584 5090 cum
615 5031 786 5090 verborum
819 5032 968 5089 contextu
1000 5031 1149 5090 convenit
1180 5033 1211 5089 et
1242 5030 1350 5088 minus
1379 5048 1397 5089 a
1418 5031 1535 5089 tradita
1557 5031 1688 5089 lectione

406 5139 564 5214 discrepat
592 5155 688 5213 quam
718 5137 847 5196 Christii
875 5141 905 5195 et
933 5137 1057 5197 Miilleri
1087 5138 1301 5213 coniecturae,
1333 5137 1452 5212 quibus
1475 5138 1545 5196 ideo
1566 5138 1687 5213 praefe-

406 5247 505 5307 renda
526 5249 584 5306 est.
