4125 6300
1053 730 1094 830 10¹

471 953 523 1029 20,
548 955 596 1015 39.
641 954 821 1017 ueniamus
842 956 890 1017 ad
909 956 1070 1029 somnio,·
1092 956 1282 1035 dequibus
1304 957 1490 1036 disputans
1517 957 1712 1035 0009309-

412 1140 414 1143 ⁴
507 1079 591 1137 pus
618 1061 740 1124 multis
767 1066 799 1124 el
826 1063 974 1125 minutis
1000 1063 1149 1125 somniis
1174 1064 1379 1142 collipendis
1399 1064 1484 1127 tacit
1504 1063 1597 1126 idem
1619 1065 1715 1143 9000

512 1167 751 1247 Antipater
773 1189 813 1232 00
830 1169 1051 1248 conquirens,
1075 1189 1164 1249 9000
1182 1170 1411 1248 Antiphontis
1429 1170 1716 1249 interpretatione

512 1274 681 1353 eeplieoto
702 1277 882 1338 declarant
902 1277 968 1338 illa
988 1278 1130 1357 quidem
1152 1296 1296 1339 acumen
1317 1278 1516 1355 interpretis
1533 1278 1594 1339 sed
1611 1297 1714 1339 ecem·
1778 1296 1785 1313 ·

505 1382 581 1459 plis
599 1383 852 1461 prandioribus
873 1384 987 1446 decuit
1007 1385 1062 1446 uti
1085 1386 1139 1462 (ct.
1164 1386 1199 1461 3,
1225 1385 1269 1461 6).

471 1490 526 1565 20,
551 1491 600 1550 39.
644 1490 810 1569 Dionysii
836 1495 948 1554 mater
1084 1495 1123 1553 ut
1155 1491 1324 1570 scriptum
1352 1491 1451 1569 opud
1473 1490 1714 1553 Pbilislum

512 1598 576 1671 est,
602 1598 634 1657 et
655 1597 795 1658 doctum
816 1598 991 1659 bominem
1009 1601 1042 1659 et
1057 1597 1260 1677 dilipentem
1276 1600 1308 1659 et
1322 1597 1503 1676 aequalem
1520 1600 1714 1676 temporum

511 1702 654 1763 illorum
676 1750 702 1764 ..
719 1751 749 1764 ..
773 1707 814 1766 ut
834 1704 887 1765 ait
908 1704 1139 1767 Philistus.

471 1810 525 1884 20,
550 1811 598 1869 40.
643 1813 768 1872 namot
789 1811 880 1872 enim
902 1814 934 1873 et
955 1813 1053 1889 opud
1074 1811 1264 1873 Ennium
1293 1810 1436 1872 Vestalis
1457 1810 1522 1872 illa
1543 1815 1599 1871 cet.

472 1917 526 1991 21,
550 1918 599 1976 43.
645 1917 740 1995 quod
767 1917 805 1978 in
832 1919 945 1979 nostri
973 1917 1103 1979 Fabii
1131 1917 1327 1979 Pictoris
1359 1917 1499 1979 Graecis
1526 1916 1715 1978 annalibus

512 2022 685 2084 eiusmodi
706 2027 763 2085 030.

471 2131 546 2188 ibid.
590 2131 767 2192 somnium
798 2133 840 2193 de
871 2151 939 2211 quo
972 2132 1010 2193 in
1042 2131 1153 2193 Bruto
1184 2131 1308 2192 Accii
1337 2131 1495 2210 loquitur
1522 2130 1596 2208 ipse
1624 2131 1714 2209 (Tar-

512 2238 643 2311 quinius
667 2238 859 2317 Superbus).
1260 2318 1262 2324 Ι

472 2344 525 2419 23,
550 2346 600 2404 46.
644 2348 791 2407 matrem
822 2345 1025 2407 Pbaloridis
1055 2345 1175 2407 scribit
1206 2344 1419 2405 Ponticus
1451 2343 1716 2405 Heraclides

514 2450 567 2527 (cf.
585 2453 638 2527 67,
666 2453 736 2529 130)
761 2452 883 2514 000003
903 2452 969 2528 uir,
995 2452 1140 2513 auditor
1161 2455 1193 2513 et
1215 2451 1409 2529 discipulus
1431 2450 1599 2511 Platonis.

472 2557 526 2633 23,
552 2558 600 2617 46.
646 2558 733 2635 9000
755 2577 816 2637 090
941 2578 977 2620 ec
998 2558 1192 2619 Dinonis
1212 2558 1359 2619 Persicis
1374 2557 1579 2635 proteram?

472 2664 527 2739 24,
552 2664 600 2724 48.
646 2664 883 2726 Hannibalem
910 2665 1085 2727 (laelius
1104 2664 1224 2726 scribit
1245 2670 1302 2725 oet.

472 2772 528 2846 24,
553 2772 602 2831 40.
645 2772 708 2833 boc
736 2772 819 2833 item
847 2772 885 2833 in
913 2772 1058 2833 Sileni
1080 2790 1180 2850 quem
1207 2770 1382 2833 Coelius
1402 2770 1560 2848 30900000
1585 2769 1716 2831 Graeca

512 2875 662 2937 bistorio
689 2881 738 2939 est
767 2878 812 2955 (is
839 2881 955 2939 anetem
984 2876 1251 2956 dilipentissime
1278 2894 1332 2937 res
1361 2875 1577 2937 Hannibalis
1600 2893 1714 2953 perse-

513 2987 612 3044 cutus
633 2985 708 3062 est).

473 3092 527 3168 24,
552 3093 601 3152 50.
645 3092 743 3170 opud
765 3091 792 3152 A
802 3092 1048 3171 patboclem
1068 3090 1237 3170 scriptum
1258 3090 1296 3150 in
1317 3088 1467 3152 bistoria
1489 3091 1548 3149 est.
1661 3103 1663 3112 ’

473 3199 526 3274 24,
552 3200 599 3258 64.
645 3198 734 3259 dicit
755 3199 852 3278 9000
871 3202 979 3260 003000
999 3199 1038 3259 in
1060 3197 1313 3259 annalibus.

473 3305 527 3379 25,
552 3307 600 3365 52.
645 3309 694 3366 est
715 3306 832 3384 opud
853 3306 1082 3366 Platonem
1104 3305 1262 3366 Socrates
1283 3309 1340 3364 cet.

473 3413 527 3488 25,
553 3413 600 3472 53.
646 3412 913 3474 Aristoteles
934 3412 1055 3474 scribit
1075 3413 1272 3473 Eudemum
1294 3410 1461 3488 Cyprium
1484 3456 1561 3470 ....
1588 3409 1717 3470 Pberas

512 3518 651 3580 uenisse.

473 3627 527 3702 26,
553 3629 601 3687 66.
647 3626 1014 3703 omnesbocbistoriei,
1030 3625 1142 3702 Fabii,
1162 3625 1274 3701 Gellii,
1289 3625 1525 3702 sedproeume
1540 3622 1710 3685 Coelius.

474 3734 528 3808 26,
553 3735 601 3793 66.
646 3736 686 3794 ut
712 3733 881 3812 scriplum
909 3733 1007 3811 apud
1035 3732 1181 3793 eundem
1209 3730 1402 3793 Coelium
1424 3733 1473 3791 est
1596 3728 1716 3791 scribit

519 3839 701 3901 Coelius.
1598 3915 1601 3921 Ι

474 3948 528 4023 27,
553 3949 602 4008 66.
646 3947 711 4007 0000
737 3948 807 4008 000
835 3946 974 4008 somnia
1003 3965 1093 4025 9000
1116 3945 1328 4006 creberrume
1353 3946 1674 4005 commemorantur
1694 3961 1717 4003 0

515 4054 695 4132 Stoicis,
722 4054 801 4134 9003
823 4055 962 4116 tandem
978 4056 1096 4132 900030
1117 4055 1338 4114 contemnere.

474 4163 529 4239 28,
554 4163 603 4223 58.
647 4180 748 4240 saepe
779 4162 844 4222 tibi
872 4180 986 4222 meum
1017 4159 1179 4236 0000000,
1214 4177 1315 4236 saepe
1342 4177 1378 4219 ee
1408 4161 1438 4219 te
1466 4157 1589 4219 audiui
1617 4160 1715 4218 tuum

514 4269 699 4330 somnium.

475 4377 529 4451 29,
555 4378 602 4436 60.
646 4375 725 4437 0000
745 4375 833 4454 9000
853 4375 1011 4436 Socrates
1032 4373 1070 4434 in
1092 4373 1142 4433 Pl
1149 4372 1298 4434 atonis
1319 4371 1451 4432 Politia
1473 4371 1648 4449 loquatur.

474 4486 529 4560 30,
554 4485 602 4545 62.
647 4483 840 4561 Epicurum
878 4482 990 4561 090000
1026 4480 1211 4542 audiemus
1240 4478 1388 4557 potius?
1425 4479 1585 4556 Namque
1623 4477 1715 4539 (lar-

515 4590 673 4651 neades
693 4588 960 4650 concertationis
980 4587 1099 4649 studio
1121 4587 1225 4646 modo
1247 4586 1326 4661 boc,
1352 4585 1456 4646 modo
1479 4584 1570 4646 illud
1591 4584 1651 4645 ait.

475 4700 529 4775 30,
555 4699 602 4757 64.
648 4696 807 4757 diuinare
835 4698 951 4756 autem
979 4694 1164 4755 morientes
1192 4692 1253 4753 illo
1283 4692 1388 4753 eliam
1417 4692 1567 4769 ecemplo
1592 4690 1715 4752 contir-

516 4807 590 4865 mat
612 4802 883 4864 Posidonius
904 4807 961 4862 oet.

475 4914 529 4987 32,
556 4913 603 4972 68.
649 4930 685 4973 ec
707 4913 738 4972 te
757 4911 834 4987 ipso
959 4908 1092 4969 audiui.

475 5023 530 5097 32,
556 5022 602 5080 70.
650 5037 798 5098 quorum
825 5018 1008 5078 amborum
1029 5033 1192 5094 penarum
1216 5013 1272 5090 (so.
1298 5015 1413 5073 somnii
1435 5018 1464 5073 00
1486 5012 1619 5090 furoris)
1643 5031 1716 5074 una

516 5130 609 5189 ratio
632 5130 696 5202 est,
722 5144 793 5205 900
819 5123 1059 5201 Cratippus
1081 5124 1196 5182 noster
1215 5121 1270 5181 uti
1291 5121 1385 5181 solet.

476 5238 531 5311 32,
558 5237 604 5294 71.
654 5232 894 5310 Cratippus
913 5231 999 5292 solet
1019 5229 1193 5290 rationem
1215 5227 1415 5289 concludere
1435 5228 1498 5288 boc
1518 5228 1633 5288 moda.
