<?xml version="1.0" encoding="UTF-8"?>
<!DOCTYPE html PUBLIC "-//W3C//DTD XHTML 1.0 Transitional//EN"
    "http://www.w3.org/TR/xhtml1/DTD/xhtml1-transitional.dtd">
<html xmlns="http://www.w3.org/1999/xhtml" xml:lang="en" lang="en">
 <head>
  <title>
</title>
<meta http-equiv="Content-Type" content="text/html;charset=utf-8" />
  <meta name='ocr-system' content='tesseract 3.04.00' />
  <meta name='ocr-capabilities' content='ocr_page ocr_carea ocr_par ocr_line ocrx_word'/>
</head>
<body>
  <div class='ocr_page' id='page_1' title='image "./quaestionesadci00heergoog_0049.png"; bbox 0 0 4125 6300; ppageno 0'>
   <div class='ocr_carea' id='block_1_1' title="bbox 977 788 1014 853">
    <p class='ocr_par' dir='ltr' id='par_1_1' title="bbox 977 788 1014 853">
     <span class='ocr_line' id='line_1_1' title="bbox 977 788 1014 853; baseline 0.027 -1"><span class='ocrx_word' id='word_1_1' title='bbox 977 788 1014 853; x_wconf 81' lang='lat'>35</span> 
     </span>
    </p>
   </div>
   <div class='ocr_carea' id='block_1_2' title="bbox 265 977 1639 4568">
    <p class='ocr_par' dir='ltr' id='par_1_2' title="bbox 335 977 1638 2229">
     <span class='ocr_line' id='line_1_2' title="bbox 335 977 1638 1064; baseline 0.002 -27"><span class='ocrx_word' id='word_1_2' title='bbox 335 979 420 1064; x_wconf 20' lang='lat' dir='ltr'>&#39;vim</span> <span class='ocrx_word' id='word_1_3' title='bbox 448 977 590 1038; x_wconf 91' lang='lat' dir='ltr'>divinam</span> <span class='ocrx_word' id='word_1_4' title='bbox 619 997 636 1038; x_wconf 90' lang='lat' dir='ltr'>a</span> <span class='ocrx_word' id='word_1_5' title='bbox 665 979 845 1039; x_wconf 89' lang='lat' dir='ltr'>coniectura</span> <span class='ocrx_word' id='word_1_6' title='bbox 873 983 903 1038; x_wconf 89' lang='lat' dir='ltr'>et</span> <span class='ocrx_word' id='word_1_7' title='bbox 931 980 1155 1039; x_wconf 88' lang='lat' dir='ltr'>observatione</span> <span class='ocrx_word' id='word_1_8' title='bbox 1177 979 1337 1056; x_wconf 79' lang='lat' dir='ltr'>distinxit,</span> <span class='ocrx_word' id='word_1_9' title='bbox 1371 981 1425 1039; x_wconf 94' lang='lat' dir='ltr'>ubi</span> <span class='ocrx_word' id='word_1_10' title='bbox 1446 978 1485 1039; x_wconf 95' lang='lat' dir='ltr'>de</span> <span class='ocrx_word' id='word_1_11' title='bbox 1506 979 1638 1040; x_wconf 90' lang='lat' dir='ltr'>somniis</span> 
     </span>
     <span class='ocr_line' id='line_1_3' title="bbox 356 1084 1638 1164; baseline 0.002 -19"><span class='ocrx_word' id='word_1_12' title='bbox 356 1090 477 1161; x_wconf 89' lang='lat' dir='ltr'>ageret:</span> <span class='ocrx_word' id='word_1_13' title='bbox 499 1086 564 1145; x_wconf 83' lang='lat' dir='ltr'>ani</span> <span class='ocrx_word' id='word_1_14' title='bbox 584 1085 675 1145; x_wconf 87' lang='lat' dir='ltr'>enim</span> <span class='ocrx_word' id='word_1_15' title='bbox 697 1084 819 1146; x_wconf 84' lang='lat' dir='ltr'>diuina</span> <span class='ocrx_word' id='word_1_16' title='bbox 839 1085 890 1146; x_wconf 85' lang='lat' dir='ltr'>uis</span> <span class='ocrx_word' id='word_1_17' title='bbox 911 1086 1085 1164; x_wconf 81' lang='lat' dir='ltr'><em>quaedam</em></span> <span class='ocrx_word' id='word_1_18' title='bbox 1107 1086 1288 1147; x_wconf 82' lang='lat' dir='ltr'>consulens</span> <span class='ocrx_word' id='word_1_19' title='bbox 1305 1086 1405 1147; x_wconf 84' lang='lat' dir='ltr'>nohis</span> <span class='ocrx_word' id='word_1_20' title='bbox 1421 1086 1638 1147; x_wconf 84' lang='lat' dir='ltr'>somniorum</span> 
     </span>
     <span class='ocr_line' id='line_1_4' title="bbox 355 1190 1638 1270; baseline 0.001 -17"><span class='ocrx_word' id='word_1_21' title='bbox 355 1190 630 1270; x_wconf 82' lang='lat' dir='ltr'>sipnificationes</span> <span class='ocrx_word' id='word_1_22' title='bbox 659 1192 758 1268; x_wconf 77' lang='lat' dir='ltr'>facit,</span> <span class='ocrx_word' id='word_1_23' title='bbox 794 1194 857 1252; x_wconf 88' lang='lat' dir='ltr'>ant</span> <span class='ocrx_word' id='word_1_24' title='bbox 888 1191 1158 1253; x_wconf 82' lang='lat' dir='ltr'>coniectores...</span> <span class='ocrx_word' id='word_1_25' title='bbox 1177 1238 1202 1268; x_wconf 86' lang='lat'>.,</span> <span class='ocrx_word' id='word_1_26' title='bbox 1238 1195 1301 1253; x_wconf 87' lang='lat' dir='ltr'>ant</span> <span class='ocrx_word' id='word_1_27' title='bbox 1330 1211 1448 1254; x_wconf 84' lang='lat' dir='ltr'>eornm</span> <span class='ocrx_word' id='word_1_28' title='bbox 1476 1196 1638 1254; x_wconf 83' lang='lat' dir='ltr'>nentrum</span> 
     </span>
     <span class='ocr_line' id='line_1_5' title="bbox 357 1298 1635 1378; baseline 0 -19"><span class='ocrx_word' id='word_1_29' title='bbox 357 1300 418 1374; x_wconf 83' lang='lat' dir='ltr'>esi,</span> <span class='ocrx_word' id='word_1_30' title='bbox 437 1298 497 1360; x_wconf 84' lang='lat' dir='ltr'>sed</span> <span class='ocrx_word' id='word_1_31' title='bbox 513 1298 687 1377; x_wconf 80' lang='lat' dir='ltr'><strong><em>quaedam</em></strong></span> <span class='ocrx_word' id='word_1_32' title='bbox 703 1299 896 1360; x_wconf 77' lang='lat' dir='ltr'>obseruatio</span> <span class='ocrx_word' id='word_1_33' title='bbox 913 1301 1076 1360; x_wconf 75' lang='lat' dir='ltr'><em>constans</em></span> <span class='ocrx_word' id='word_1_34' title='bbox 1093 1302 1197 1377; x_wconf 83' lang='lat' dir='ltr'>atqua</span> <span class='ocrx_word' id='word_1_35' title='bbox 1213 1299 1635 1378; x_wconf 77' lang='lat' dir='ltr'>dinturnocst(II§124),</span> 
     </span>
     <span class='ocr_line' id='line_1_6' title="bbox 356 1406 1636 1483; baseline 0.001 -18"><span class='ocrx_word' id='word_1_36' title='bbox 356 1407 410 1466; x_wconf 91' lang='lat' dir='ltr'>sed</span> <span class='ocrx_word' id='word_1_37' title='bbox 440 1406 631 1466; x_wconf 87' lang='lat' dir='ltr'>Posidonius</span> <span class='ocrx_word' id='word_1_38' title='bbox 658 1424 786 1466; x_wconf 90' lang='lat' dir='ltr'>omnem</span> <span class='ocrx_word' id='word_1_39' title='bbox 814 1407 1058 1481; x_wconf 89' lang='lat' dir='ltr'>divinationem,</span> <span class='ocrx_word' id='word_1_40' title='bbox 1089 1410 1119 1466; x_wconf 82' lang='lat' dir='ltr'>et</span> <span class='ocrx_word' id='word_1_41' title='bbox 1148 1407 1325 1467; x_wconf 82' lang='lat' dir='ltr'><em>naturalem</em></span> <span class='ocrx_word' id='word_1_42' title='bbox 1355 1410 1385 1467; x_wconf 81' lang='lat' dir='ltr'>et</span> <span class='ocrx_word' id='word_1_43' title='bbox 1413 1408 1636 1483; x_wconf 82' lang='lat' dir='ltr'>artificiosam,</span> 
     </span>
     <span class='ocr_line' id='line_1_7' title="bbox 357 1513 1638 1589; baseline 0.001 -18"><span class='ocrx_word' id='word_1_44' title='bbox 357 1530 428 1571; x_wconf 91' lang='lat' dir='ltr'>cum</span> <span class='ocrx_word' id='word_1_45' title='bbox 456 1514 589 1573; x_wconf 90' lang='lat' dir='ltr'>deorum</span> <span class='ocrx_word' id='word_1_46' title='bbox 616 1513 736 1588; x_wconf 89' lang='lat' dir='ltr'>impetu</span> <span class='ocrx_word' id='word_1_47' title='bbox 764 1515 794 1572; x_wconf 93' lang='lat' dir='ltr'>et</span> <span class='ocrx_word' id='word_1_48' title='bbox 821 1514 891 1571; x_wconf 92' lang='lat' dir='ltr'>sine</span> <span class='ocrx_word' id='word_1_49' title='bbox 917 1530 954 1572; x_wconf 93' lang='lat' dir='ltr'>eo</span> <span class='ocrx_word' id='word_1_50' title='bbox 982 1531 1053 1573; x_wconf 90' lang='lat' dir='ltr'>esse</span> <span class='ocrx_word' id='word_1_51' title='bbox 1080 1531 1175 1588; x_wconf 89' lang='lat' dir='ltr'>posse</span> <span class='ocrx_word' id='word_1_52' title='bbox 1204 1515 1341 1589; x_wconf 90' lang='lat' dir='ltr'>censuit,</span> <span class='ocrx_word' id='word_1_53' title='bbox 1376 1517 1472 1589; x_wconf 89' lang='lat' dir='ltr'>atque</span> <span class='ocrx_word' id='word_1_54' title='bbox 1499 1515 1532 1573; x_wconf 91' lang='lat' dir='ltr'>in</span> <span class='ocrx_word' id='word_1_55' title='bbox 1560 1515 1638 1573; x_wconf 92' lang='lat' dir='ltr'>divi-</span> 
     </span>
     <span class='ocr_line' id='line_1_8' title="bbox 357 1620 1635 1697; baseline 0.001 -19"><span class='ocrx_word' id='word_1_56' title='bbox 357 1620 494 1679; x_wconf 86' lang='lat' dir='ltr'>nationis</span> <span class='ocrx_word' id='word_1_57' title='bbox 529 1621 719 1679; x_wconf 90' lang='lat' dir='ltr'>couiecturis</span> <span class='ocrx_word' id='word_1_58' title='bbox 754 1620 887 1679; x_wconf 89' lang='lat' dir='ltr'>deorum</span> <span class='ocrx_word' id='word_1_59' title='bbox 923 1620 987 1678; x_wconf 92' lang='lat' dir='ltr'>vim</span> <span class='ocrx_word' id='word_1_60' title='bbox 1019 1638 1082 1678; x_wconf 91' lang='lat' dir='ltr'>non</span> <span class='ocrx_word' id='word_1_61' title='bbox 1116 1637 1241 1695; x_wconf 89' lang='lat' dir='ltr'>semper</span> <span class='ocrx_word' id='word_1_62' title='bbox 1277 1621 1389 1679; x_wconf 90' lang='lat' dir='ltr'>abesse</span> <span class='ocrx_word' id='word_1_63' title='bbox 1425 1621 1580 1680; x_wconf 89' lang='lat' dir='ltr'>sentiebat</span> <span class='ocrx_word' id='word_1_64' title='bbox 1592 1620 1635 1697; x_wconf 86' lang='lat'>1),</span> 
     </span>
     <span class='ocr_line' id='line_1_9' title="bbox 356 1727 1635 1804; baseline 0.001 -19"><span class='ocrx_word' id='word_1_65' title='bbox 356 1727 446 1785; x_wconf 88' lang='lat' dir='ltr'>aliter</span> <span class='ocrx_word' id='word_1_66' title='bbox 473 1745 510 1786; x_wconf 90' lang='lat' dir='ltr'>ao</span> <span class='ocrx_word' id='word_1_67' title='bbox 533 1727 750 1804; x_wconf 90' lang='lat' dir='ltr'>Chrysippus,</span> <span class='ocrx_word' id='word_1_68' title='bbox 782 1727 838 1785; x_wconf 91' lang='lat' dir='ltr'>sed</span> <span class='ocrx_word' id='word_1_69' title='bbox 860 1727 1021 1785; x_wconf 91' lang='lat' dir='ltr'>Posidonii</span> <span class='ocrx_word' id='word_1_70' title='bbox 1044 1728 1199 1785; x_wconf 90' lang='lat' dir='ltr'>sententia</span> <span class='ocrx_word' id='word_1_71' title='bbox 1222 1728 1272 1786; x_wconf 93' lang='lat' dir='ltr'>hic</span> <span class='ocrx_word' id='word_1_72' title='bbox 1293 1744 1421 1802; x_wconf 86' lang='lat' dir='ltr'>quoque</span> <span class='ocrx_word' id='word_1_73' title='bbox 1443 1728 1635 1803; x_wconf 79' lang='lat' dir='ltr'>neglegitur,</span> 
     </span>
     <span class='ocr_line' id='line_1_10' title="bbox 356 1830 1638 1921; baseline 0.001 -30"><span class='ocrx_word' id='word_1_74' title='bbox 356 1833 411 1891; x_wconf 94' lang='lat' dir='ltr'>uhi</span> <span class='ocrx_word' id='word_1_75' title='bbox 439 1833 478 1891; x_wconf 90' lang='lat' dir='ltr'>de</span> <span class='ocrx_word' id='word_1_76' title='bbox 506 1833 639 1892; x_wconf 89' lang='lat' dir='ltr'>somniis</span> <span class='ocrx_word' id='word_1_77' title='bbox 667 1850 772 1892; x_wconf 91' lang='lat' dir='ltr'>sermo</span> <span class='ocrx_word' id='word_1_78' title='bbox 799 1835 847 1891; x_wconf 91' lang='lat' dir='ltr'>est</span> <span class='ocrx_word' id='word_1_79' title='bbox 872 1830 987 1910; x_wconf 65' lang='lat'>(1155</span> <span class='ocrx_word' id='word_1_80' title='bbox 1012 1833 1068 1891; x_wconf 82' lang='lat'>124</span> <span class='ocrx_word' id='word_1_81' title='bbox 1090 1831 1190 1908; x_wconf 90' lang='lat' dir='ltr'>sqq.).</span> <span class='ocrx_word' id='word_1_82' title='bbox 1225 1833 1258 1892; x_wconf 89' lang='lat' dir='ltr'>Si</span> <span class='ocrx_word' id='word_1_83' title='bbox 1282 1834 1511 1921; x_wconf 75' lang='lat' dir='ltr'>Clitomachum</span> <span class='ocrx_word' id='word_1_84' title='bbox 1534 1834 1638 1892; x_wconf 90' lang='lat' dir='ltr'>solum</span> 
     </span>
     <span class='ocr_line' id='line_1_11' title="bbox 356 1935 1638 2015; baseline -0.002 -16"><span class='ocrx_word' id='word_1_85' title='bbox 356 1935 375 1999; x_wconf 85' lang='lat' dir='ltr'>a</span> <span class='ocrx_word' id='word_1_86' title='bbox 404 1940 554 1999; x_wconf 81' lang='lat' dir='ltr'>Cicerone</span> <span class='ocrx_word' id='word_1_87' title='bbox 581 1940 758 1999; x_wconf 89' lang='lat' dir='ltr'>adhibitum</span> <span class='ocrx_word' id='word_1_88' title='bbox 786 1957 858 1999; x_wconf 90' lang='lat' dir='ltr'>esse</span> <span class='ocrx_word' id='word_1_89' title='bbox 884 1940 1061 2015; x_wconf 90' lang='lat' dir='ltr'>credimus,</span> <span class='ocrx_word' id='word_1_90' title='bbox 1092 1940 1187 1999; x_wconf 86' lang='lat' dir='ltr'>etiam</span> <span class='ocrx_word' id='word_1_91' title='bbox 1215 1943 1347 2015; x_wconf 88' lang='lat' dir='ltr'>apparet</span> <span class='ocrx_word' id='word_1_92' title='bbox 1375 1958 1433 1999; x_wconf 91' lang='lat' dir='ltr'>cur</span> <span class='ocrx_word' id='word_1_93' title='bbox 1458 1940 1539 1999; x_wconf 91' lang='lat' dir='ltr'>alius</span> <span class='ocrx_word' id='word_1_94' title='bbox 1562 1939 1638 2000; x_wconf 89' lang='lat' dir='ltr'>Car·</span> 
     </span>
     <span class='ocr_line' id='line_1_12' title="bbox 357 2045 1638 2122; baseline -0.001 -16"><span class='ocrx_word' id='word_1_95' title='bbox 357 2048 467 2106; x_wconf 90' lang='lat' dir='ltr'>neadis</span> <span class='ocrx_word' id='word_1_96' title='bbox 497 2047 674 2122; x_wconf 89' lang='lat' dir='ltr'>discipulus</span> <span class='ocrx_word' id='word_1_97' title='bbox 703 2064 743 2106; x_wconf 94' lang='lat' dir='ltr'>ne</span> <span class='ocrx_word' id='word_1_98' title='bbox 770 2046 899 2105; x_wconf 90' lang='lat' dir='ltr'>nomine</span> <span class='ocrx_word' id='word_1_99' title='bbox 926 2045 1054 2122; x_wconf 91' lang='lat' dir='ltr'>quidem</span> <span class='ocrx_word' id='word_1_100' title='bbox 1083 2047 1252 2120; x_wconf 89' lang='lat' dir='ltr'>afferatur;</span> <span class='ocrx_word' id='word_1_101' title='bbox 1283 2064 1383 2121; x_wconf 88' lang='lat' dir='ltr'>quare</span> <span class='ocrx_word' id='word_1_102' title='bbox 1407 2047 1638 2106; x_wconf 81' lang='lat' dir='ltr'>Clitomachum</span> 
     </span>
     <span class='ocr_line' id='line_1_13' title="bbox 356 2154 1324 2229; baseline 0 -16"><span class='ocrx_word' id='word_1_103' title='bbox 356 2156 386 2213; x_wconf 90' lang='lat' dir='ltr'>et</span> <span class='ocrx_word' id='word_1_104' title='bbox 408 2154 595 2215; x_wconf 86' lang='lat' dir='ltr'>Panaetium</span> <span class='ocrx_word' id='word_1_105' title='bbox 615 2155 648 2212; x_wconf 94' lang='lat' dir='ltr'>in</span> <span class='ocrx_word' id='word_1_106' title='bbox 669 2154 751 2212; x_wconf 90' lang='lat' dir='ltr'>libro</span> <span class='ocrx_word' id='word_1_107' title='bbox 773 2154 914 2213; x_wconf 89' lang='lat' dir='ltr'>secundo</span> <span class='ocrx_word' id='word_1_108' title='bbox 934 2154 1039 2213; x_wconf 89' lang='lat' dir='ltr'>fontes</span> <span class='ocrx_word' id='word_1_109' title='bbox 1061 2154 1162 2212; x_wconf 85' lang='lat' dir='ltr'>fuisse</span> <span class='ocrx_word' id='word_1_110' title='bbox 1183 2156 1324 2229; x_wconf 88' lang='lat' dir='ltr'>apparet.</span> 
     </span>
    </p>

    <p class='ocr_par' dir='ltr' id='par_1_3' title="bbox 356 2261 1639 4368">
     <span class='ocr_line' id='line_1_14' title="bbox 396 2261 1637 2336; baseline -0.001 -16"><span class='ocrx_word' id='word_1_111' title='bbox 396 2262 490 2330; x_wconf 81' lang='lat' dir='ltr'>Quod</span> <span class='ocrx_word' id='word_1_112' title='bbox 517 2265 623 2321; x_wconf 87' lang='lat' dir='ltr'>autem</span> <span class='ocrx_word' id='word_1_113' title='bbox 651 2262 762 2321; x_wconf 87' lang='lat' dir='ltr'>attinet</span> <span class='ocrx_word' id='word_1_114' title='bbox 789 2262 830 2320; x_wconf 92' lang='lat' dir='ltr'>ad</span> <span class='ocrx_word' id='word_1_115' title='bbox 858 2264 979 2320; x_wconf 91' lang='lat' dir='ltr'>veteres</span> <span class='ocrx_word' id='word_1_116' title='bbox 1001 2262 1071 2320; x_wconf 92' lang='lat' dir='ltr'>illos</span> <span class='ocrx_word' id='word_1_117' title='bbox 1093 2262 1315 2336; x_wconf 89' lang='lat' dir='ltr'>philosophos,</span> <span class='ocrx_word' id='word_1_118' title='bbox 1348 2279 1484 2336; x_wconf 92' lang='lat' dir='ltr'>quorum</span> <span class='ocrx_word' id='word_1_119' title='bbox 1508 2261 1637 2320; x_wconf 90' lang='lat' dir='ltr'>nomina</span> 
     </span>
     <span class='ocr_line' id='line_1_15' title="bbox 356 2368 1639 2443; baseline -0.001 -16"><span class='ocrx_word' id='word_1_120' title='bbox 356 2370 450 2428; x_wconf 90' lang='lat' dir='ltr'>etiam</span> <span class='ocrx_word' id='word_1_121' title='bbox 477 2370 511 2428; x_wconf 92' lang='lat' dir='ltr'>in</span> <span class='ocrx_word' id='word_1_122' title='bbox 537 2370 619 2428; x_wconf 87' lang='lat' dir='ltr'>libro</span> <span class='ocrx_word' id='word_1_123' title='bbox 647 2369 787 2427; x_wconf 90' lang='lat' dir='ltr'>secundo</span> <span class='ocrx_word' id='word_1_124' title='bbox 816 2371 892 2427; x_wconf 90' lang='lat' dir='ltr'>sunt</span> <span class='ocrx_word' id='word_1_125' title='bbox 919 2368 1031 2442; x_wconf 92' lang='lat' dir='ltr'>obvia,</span> <span class='ocrx_word' id='word_1_126' title='bbox 1063 2386 1127 2427; x_wconf 91' lang='lat' dir='ltr'>uon</span> <span class='ocrx_word' id='word_1_127' title='bbox 1158 2368 1266 2427; x_wconf 89' lang='lat' dir='ltr'>multis</span> <span class='ocrx_word' id='word_1_128' title='bbox 1295 2369 1401 2427; x_wconf 90' lang='lat' dir='ltr'>verbis</span> <span class='ocrx_word' id='word_1_129' title='bbox 1430 2385 1512 2443; x_wconf 92' lang='lat' dir='ltr'>opus</span> <span class='ocrx_word' id='word_1_130' title='bbox 1534 2371 1582 2427; x_wconf 90' lang='lat' dir='ltr'>est</span> <span class='ocrx_word' id='word_1_131' title='bbox 1604 2370 1639 2426; x_wconf 92' lang='lat' dir='ltr'>ut</span> 
     </span>
     <span class='ocr_line' id='line_1_16' title="bbox 356 2474 1638 2551; baseline -0.001 -16"><span class='ocrx_word' id='word_1_132' title='bbox 356 2477 549 2551; x_wconf 90' lang='lat' dir='ltr'>explicemus</span> <span class='ocrx_word' id='word_1_133' title='bbox 580 2493 645 2535; x_wconf 91' lang='lat' dir='ltr'>non</span> <span class='ocrx_word' id='word_1_134' title='bbox 676 2493 786 2534; x_wconf 90' lang='lat' dir='ltr'>eorum</span> <span class='ocrx_word' id='word_1_135' title='bbox 818 2493 914 2550; x_wconf 90' lang='lat' dir='ltr'>opera</span> <span class='ocrx_word' id='word_1_136' title='bbox 946 2474 1129 2535; x_wconf 82' lang='lat' dir='ltr'>Ciceronem</span> <span class='ocrx_word' id='word_1_137' title='bbox 1157 2475 1352 2534; x_wconf 84' lang='lat' dir='ltr'>adhibuisse.</span> <span class='ocrx_word' id='word_1_138' title='bbox 1386 2474 1525 2535; x_wconf 91' lang='lat' dir='ltr'>Omnino</span> <span class='ocrx_word' id='word_1_139' title='bbox 1554 2475 1638 2534; x_wconf 93' lang='lat' dir='ltr'>enim</span> 
     </span>
     <span class='ocr_line' id='line_1_17' title="bbox 357 2582 1637 2657; baseline -0.002 -16"><span class='ocrx_word' id='word_1_140' title='bbox 357 2584 466 2641; x_wconf 89' lang='lat' dir='ltr'>eadem</span> <span class='ocrx_word' id='word_1_141' title='bbox 498 2600 585 2641; x_wconf 91' lang='lat' dir='ltr'>nunc</span> <span class='ocrx_word' id='word_1_142' title='bbox 617 2583 723 2642; x_wconf 88' lang='lat' dir='ltr'>valent</span> <span class='ocrx_word' id='word_1_143' title='bbox 754 2599 837 2657; x_wconf 90' lang='lat' dir='ltr'>quae</span> <span class='ocrx_word' id='word_1_144' title='bbox 867 2583 907 2641; x_wconf 89' lang='lat' dir='ltr'>de</span> <span class='ocrx_word' id='word_1_145' title='bbox 934 2583 993 2641; x_wconf 88' lang='lat' dir='ltr'>hac</span> <span class='ocrx_word' id='word_1_146' title='bbox 1022 2582 1208 2657; x_wconf 85' lang='lat' dir='ltr'>quaestione</span> <span class='ocrx_word' id='word_1_147' title='bbox 1235 2582 1318 2640; x_wconf 88' lang='lat' dir='ltr'>dicta</span> <span class='ocrx_word' id='word_1_148' title='bbox 1347 2584 1423 2640; x_wconf 90' lang='lat' dir='ltr'>sunt</span> <span class='ocrx_word' id='word_1_149' title='bbox 1451 2582 1492 2641; x_wconf 88' lang='lat' dir='ltr'>ad</span> <span class='ocrx_word' id='word_1_150' title='bbox 1519 2582 1637 2640; x_wconf 91' lang='lat' dir='ltr'>librum</span> 
     </span>
     <span class='ocr_line' id='line_1_18' title="bbox 357 2688 1634 2764; baseline -0.001 -16"><span class='ocrx_word' id='word_1_151' title='bbox 357 2690 505 2764; x_wconf 91' lang='lat' dir='ltr'>primum.</span> <span class='ocrx_word' id='word_1_152' title='bbox 531 2688 611 2757; x_wconf 82' lang='lat' dir='ltr'>Quis</span> <span class='ocrx_word' id='word_1_153' title='bbox 632 2706 708 2748; x_wconf 89' lang='lat' dir='ltr'>vero</span> <span class='ocrx_word' id='word_1_154' title='bbox 729 2689 837 2748; x_wconf 88' lang='lat' dir='ltr'>credat</span> <span class='ocrx_word' id='word_1_155' title='bbox 859 2689 1079 2747; x_wconf 89' lang='lat' dir='ltr'>Democriti</span> <span class='ocrx_word' id='word_1_156' title='bbox 1101 2705 1183 2763; x_wconf 91' lang='lat' dir='ltr'>opus</span> <span class='ocrx_word' id='word_1_157' title='bbox 1198 2688 1300 2747; x_wconf 91' lang='lat' dir='ltr'>Tullio</span> <span class='ocrx_word' id='word_1_158' title='bbox 1315 2688 1355 2747; x_wconf 91' lang='lat' dir='ltr'>ad</span> <span class='ocrx_word' id='word_1_159' title='bbox 1370 2706 1502 2747; x_wconf 90' lang='lat' dir='ltr'>manum</span> <span class='ocrx_word' id='word_1_160' title='bbox 1517 2688 1634 2764; x_wconf 90' lang='lat' dir='ltr'>fuisse,</span> 
     </span>
     <span class='ocr_line' id='line_1_19' title="bbox 357 2795 1639 2872; baseline -0.002 -18"><span class='ocrx_word' id='word_1_161' title='bbox 357 2797 430 2870; x_wconf 91' lang='lat' dir='ltr'>quis</span> <span class='ocrx_word' id='word_1_162' title='bbox 458 2795 723 2872; x_wconf 87' lang='lat' dir='ltr'>Pherecydis,</span> <span class='ocrx_word' id='word_1_163' title='bbox 758 2796 832 2870; x_wconf 92' lang='lat' dir='ltr'>quis</span> <span class='ocrx_word' id='word_1_164' title='bbox 860 2796 1019 2854; x_wconf 86' lang='lat' dir='ltr'>Eudoxi</span> <span class='ocrx_word' id='word_1_165' title='bbox 1049 2795 1359 2869; x_wconf 86' lang='lat' dir='ltr'>Aristotelisve,</span> <span class='ocrx_word' id='word_1_166' title='bbox 1391 2812 1431 2853; x_wconf 91' lang='lat' dir='ltr'>ne</span> <span class='ocrx_word' id='word_1_167' title='bbox 1458 2795 1572 2869; x_wconf 91' lang='lat' dir='ltr'>loquar</span> <span class='ocrx_word' id='word_1_168' title='bbox 1599 2796 1639 2853; x_wconf 92' lang='lat' dir='ltr'>de</span> 
     </span>
     <span class='ocr_line' id='line_1_20' title="bbox 357 2901 1638 2979; baseline -0.001 -17"><span class='ocrx_word' id='word_1_169' title='bbox 357 2902 617 2979; x_wconf 74' lang='lat' dir='ltr'>Pythagora?</span> <span class='ocrx_word' id='word_1_170' title='bbox 643 2903 708 2962; x_wconf 87' lang='lat' dir='ltr'>Nec</span> <span class='ocrx_word' id='word_1_171' title='bbox 728 2903 954 2961; x_wconf 90' lang='lat' dir='ltr'>historicorum</span> <span class='ocrx_word' id='word_1_172' title='bbox 975 2905 1004 2961; x_wconf 90' lang='lat' dir='ltr'>et</span> <span class='ocrx_word' id='word_1_173' title='bbox 1026 2905 1192 2977; x_wconf 88' lang='lat' dir='ltr'>poetarum</span> <span class='ocrx_word' id='word_1_174' title='bbox 1215 2903 1357 2977; x_wconf 86' lang='lat' dir='ltr'>exempla</span> <span class='ocrx_word' id='word_1_175' title='bbox 1380 2919 1443 2961; x_wconf 91' lang='lat' dir='ltr'>non</span> <span class='ocrx_word' id='word_1_176' title='bbox 1466 2920 1522 2977; x_wconf 92' lang='lat' dir='ltr'>per</span> <span class='ocrx_word' id='word_1_177' title='bbox 1544 2901 1638 2962; x_wconf 73' lang='lat' dir='ltr'>Clito.</span> 
     </span>
     <span class='ocr_line' id='line_1_21' title="bbox 357 3009 1638 3085; baseline -0.001 -17"><span class='ocrx_word' id='word_1_178' title='bbox 357 3010 504 3069; x_wconf 92' lang='lat' dir='ltr'>machum</span> <span class='ocrx_word' id='word_1_179' title='bbox 536 3010 576 3069; x_wconf 92' lang='lat' dir='ltr'>ad</span> <span class='ocrx_word' id='word_1_180' title='bbox 605 3009 787 3070; x_wconf 82' lang='lat' dir='ltr'>Ciceronem</span> <span class='ocrx_word' id='word_1_181' title='bbox 816 3012 1040 3085; x_wconf 91' lang='lat' dir='ltr'>pervenerunt.</span> <span class='ocrx_word' id='word_1_182' title='bbox 1077 3009 1248 3085; x_wconf 87' lang='lat' dir='ltr'>Chrysippi</span> <span class='ocrx_word' id='word_1_183' title='bbox 1273 3009 1373 3083; x_wconf 91' lang='lat' dir='ltr'>enim,</span> <span class='ocrx_word' id='word_1_184' title='bbox 1405 3009 1460 3083; x_wconf 91' lang='lat' dir='ltr'>qui</span> <span class='ocrx_word' id='word_1_185' title='bbox 1485 3009 1638 3083; x_wconf 87' lang='lat' dir='ltr'>exemplis</span> 
     </span>
     <span class='ocr_line' id='line_1_22' title="bbox 357 3115 1638 3193; baseline -0.001 -17"><span class='ocrx_word' id='word_1_186' title='bbox 357 3117 531 3176; x_wconf 89' lang='lat' dir='ltr'>orationem</span> <span class='ocrx_word' id='word_1_187' title='bbox 548 3117 689 3193; x_wconf 89' lang='lat' dir='ltr'>ornavit,</span> <span class='ocrx_word' id='word_1_188' title='bbox 708 3134 727 3176; x_wconf 92' lang='lat' dir='ltr'>a</span> <span class='ocrx_word' id='word_1_189' title='bbox 744 3115 938 3177; x_wconf 90' lang='lat' dir='ltr'>Clitomacho</span> <span class='ocrx_word' id='word_1_190' title='bbox 954 3116 1068 3191; x_wconf 91' lang='lat' dir='ltr'>placita</span> <span class='ocrx_word' id='word_1_191' title='bbox 1082 3116 1277 3191; x_wconf 79' lang='lat' dir='ltr'>refutantur,</span> <span class='ocrx_word' id='word_1_192' title='bbox 1297 3132 1354 3175; x_wconf 89' lang='lat' dir='ltr'>nec</span> <span class='ocrx_word' id='word_1_193' title='bbox 1367 3115 1482 3174; x_wconf 93' lang='lat' dir='ltr'>mirum</span> <span class='ocrx_word' id='word_1_194' title='bbox 1494 3116 1638 3191; x_wconf 87' lang='lat' dir='ltr'>exempla</span> 
     </span>
     <span class='ocr_line' id='line_1_23' title="bbox 357 3224 1637 3299; baseline -0.002 -16"><span class='ocrx_word' id='word_1_195' title='bbox 357 3241 485 3299; x_wconf 87' lang='lat' dir='ltr'>qnoque</span> <span class='ocrx_word' id='word_1_196' title='bbox 512 3225 553 3283; x_wconf 92' lang='lat' dir='ltr'>ah</span> <span class='ocrx_word' id='word_1_197' title='bbox 576 3225 685 3283; x_wconf 89' lang='lat' dir='ltr'>eodem</span> <span class='ocrx_word' id='word_1_198' title='bbox 707 3224 833 3297; x_wconf 87' lang='lat' dir='ltr'>referri;</span> <span class='ocrx_word' id='word_1_199' title='bbox 862 3224 1006 3299; x_wconf 88' lang='lat' dir='ltr'>exempla</span> <span class='ocrx_word' id='word_1_200' title='bbox 1028 3224 1112 3282; x_wconf 92' lang='lat' dir='ltr'>enim</span> <span class='ocrx_word' id='word_1_201' title='bbox 1134 3226 1164 3282; x_wconf 88' lang='lat' dir='ltr'>et</span> <span class='ocrx_word' id='word_1_202' title='bbox 1186 3224 1334 3282; x_wconf 85' lang='lat' dir='ltr'>refutatio</span> <span class='ocrx_word' id='word_1_203' title='bbox 1355 3227 1419 3281; x_wconf 89' lang='lat' dir='ltr'>tam</span> <span class='ocrx_word' id='word_1_204' title='bbox 1442 3226 1510 3281; x_wconf 90' lang='lat' dir='ltr'>arte</span> <span class='ocrx_word' id='word_1_205' title='bbox 1530 3224 1637 3281; x_wconf 90' lang='lat' dir='ltr'>iuncta</span> 
     </span>
     <span class='ocr_line' id='line_1_24' title="bbox 358 3329 1637 3404; baseline -0.001 -14"><span class='ocrx_word' id='word_1_206' title='bbox 358 3333 434 3390; x_wconf 92' lang='lat' dir='ltr'>sunt</span> <span class='ocrx_word' id='word_1_207' title='bbox 460 3335 497 3390; x_wconf 91' lang='lat' dir='ltr'>ut</span> <span class='ocrx_word' id='word_1_208' title='bbox 524 3349 589 3390; x_wconf 94' lang='lat' dir='ltr'>non</span> <span class='ocrx_word' id='word_1_209' title='bbox 611 3331 651 3390; x_wconf 92' lang='lat' dir='ltr'>ab</span> <span class='ocrx_word' id='word_1_210' title='bbox 673 3348 739 3389; x_wconf 92' lang='lat' dir='ltr'>uno</span> <span class='ocrx_word' id='word_1_211' title='bbox 759 3331 847 3389; x_wconf 89' lang='lat' dir='ltr'>fonte</span> <span class='ocrx_word' id='word_1_212' title='bbox 868 3348 999 3389; x_wconf 90' lang='lat' dir='ltr'>manare</span> <span class='ocrx_word' id='word_1_213' title='bbox 1020 3332 1189 3404; x_wconf 89' lang='lat' dir='ltr'>nequeant.</span> <span class='ocrx_word' id='word_1_214' title='bbox 1222 3329 1314 3398; x_wconf 83' lang='lat' dir='ltr'>Quod</span> <span class='ocrx_word' id='word_1_215' title='bbox 1335 3330 1378 3387; x_wconf 92' lang='lat' dir='ltr'>ibi</span> <span class='ocrx_word' id='word_1_216' title='bbox 1400 3329 1637 3404; x_wconf 89' lang='lat' dir='ltr'>apertissimum</span> 
     </span>
     <span class='ocr_line' id='line_1_25' title="bbox 357 3432 1638 3513; baseline -0.002 -17"><span class='ocrx_word' id='word_1_217' title='bbox 357 3441 405 3496; x_wconf 91' lang='lat' dir='ltr'>est</span> <span class='ocrx_word' id='word_1_218' title='bbox 435 3437 491 3496; x_wconf 92' lang='lat' dir='ltr'>ubi</span> <span class='ocrx_word' id='word_1_219' title='bbox 522 3438 631 3498; x_wconf 91' lang='lat' dir='ltr'>Cicero</span> <span class='ocrx_word' id='word_1_220' title='bbox 661 3437 763 3497; x_wconf 88' lang='lat' dir='ltr'>addit:</span> <span class='ocrx_word' id='word_1_221' title='bbox 796 3438 845 3496; x_wconf 88' lang='lat' dir='ltr'>est</span> <span class='ocrx_word' id='word_1_222' title='bbox 871 3436 935 3496; x_wconf 79' lang='lat' dir='ltr'>hoc</span> <span class='ocrx_word' id='word_1_223' title='bbox 961 3435 999 3496; x_wconf 90' lang='lat' dir='ltr'>in</span> <span class='ocrx_word' id='word_1_224' title='bbox 1031 3433 1216 3513; x_wconf 75' lang='lat' dir='ltr'>Chrysippi</span> <span class='ocrx_word' id='word_1_225' title='bbox 1245 3434 1332 3495; x_wconf 82' lang='lat' dir='ltr'>libro</span> <span class='ocrx_word' id='word_1_226' title='bbox 1360 3432 1554 3510; x_wconf 84' lang='lat' dir='ltr'>somnium,</span> <span class='ocrx_word' id='word_1_227' title='bbox 1589 3436 1638 3494; x_wconf 89' lang='lat' dir='ltr'>vel</span> 
     </span>
     <span class='ocr_line' id='line_1_26' title="bbox 356 3540 1639 3620; baseline -0.002 -16"><span class='ocrx_word' id='word_1_228' title='bbox 356 3543 481 3604; x_wconf 78' lang='lat' dir='ltr'>norom</span> <span class='ocrx_word' id='word_1_229' title='bbox 508 3543 725 3604; x_wconf 71' lang='lat' dir='ltr'>somniorum</span> <span class='ocrx_word' id='word_1_230' title='bbox 753 3545 785 3604; x_wconf 86' lang='lat' dir='ltr'>et</span> <span class='ocrx_word' id='word_1_231' title='bbox 814 3542 939 3611; x_wconf 81' lang='lat' dir='ltr'>taliam</span> <span class='ocrx_word' id='word_1_232' title='bbox 958 3543 1087 3620; x_wconf 85' lang='lat' dir='ltr'>plenas</span> <span class='ocrx_word' id='word_1_233' title='bbox 1108 3544 1157 3603; x_wconf 82' lang='lat' dir='ltr'>cst</span> <span class='ocrx_word' id='word_1_234' title='bbox 1181 3540 1366 3620; x_wconf 76' lang='lat' dir='ltr'>Chrysippi</span> <span class='ocrx_word' id='word_1_235' title='bbox 1388 3540 1486 3616; x_wconf 82' lang='lat' dir='ltr'>liber,</span> <span class='ocrx_word' id='word_1_236' title='bbox 1512 3542 1639 3619; x_wconf 81' lang='lat' dir='ltr'>plcans</span> 
     </span>
     <span class='ocr_line' id='line_1_27' title="bbox 357 3646 1638 3728; baseline -0.002 -18"><span class='ocrx_word' id='word_1_237' title='bbox 357 3649 549 3728; x_wconf 79' lang='lat' dir='ltr'>Antipatri.</span> <span class='ocrx_word' id='word_1_238' title='bbox 584 3646 673 3711; x_wconf 83' lang='lat' dir='ltr'>Iden&#39;r</span> <span class='ocrx_word' id='word_1_239' title='bbox 705 3653 794 3712; x_wconf 92' lang='lat' dir='ltr'>locus</span> <span class='ocrx_word' id='word_1_240' title='bbox 824 3652 933 3710; x_wconf 88' lang='lat' dir='ltr'>eodem</span> <span class='ocrx_word' id='word_1_241' title='bbox 965 3652 1060 3710; x_wconf 91' lang='lat' dir='ltr'>modo</span> <span class='ocrx_word' id='word_1_242' title='bbox 1091 3669 1157 3709; x_wconf 90' lang='lat' dir='ltr'>rem</span> <span class='ocrx_word' id='word_1_243' title='bbox 1189 3651 1229 3709; x_wconf 93' lang='lat' dir='ltr'>de</span> <span class='ocrx_word' id='word_1_244' title='bbox 1260 3651 1425 3725; x_wconf 88' lang='lat' dir='ltr'>Antipatro</span> <span class='ocrx_word' id='word_1_245' title='bbox 1457 3668 1491 3710; x_wconf 90' lang='lat' dir='ltr'>se</span> <span class='ocrx_word' id='word_1_246' title='bbox 1521 3651 1638 3709; x_wconf 92' lang='lat' dir='ltr'>habere</span> 
     </span>
     <span class='ocr_line' id='line_1_28' title="bbox 357 3758 1637 3834; baseline -0.001 -17"><span class='ocrx_word' id='word_1_247' title='bbox 357 3759 456 3818; x_wconf 83' lang='lat' dir='ltr'>donet.</span> <span class='ocrx_word' id='word_1_248' title='bbox 489 3758 552 3819; x_wconf 88' lang='lat' dir='ltr'>Sed</span> <span class='ocrx_word' id='word_1_249' title='bbox 579 3759 657 3818; x_wconf 87' lang='lat' dir='ltr'>haec</span> <span class='ocrx_word' id='word_1_250' title='bbox 682 3776 746 3817; x_wconf 92' lang='lat' dir='ltr'>non</span> <span class='ocrx_word' id='word_1_251' title='bbox 773 3759 868 3816; x_wconf 90' lang='lat' dir='ltr'>nimis</span> <span class='ocrx_word' id='word_1_252' title='bbox 889 3758 1035 3834; x_wconf 91' lang='lat' dir='ltr'>urgenda</span> <span class='ocrx_word' id='word_1_253' title='bbox 1058 3759 1149 3832; x_wconf 92' lang='lat' dir='ltr'>sunt,</span> <span class='ocrx_word' id='word_1_254' title='bbox 1182 3775 1256 3816; x_wconf 90' lang='lat' dir='ltr'>nam</span> <span class='ocrx_word' id='word_1_255' title='bbox 1279 3758 1306 3815; x_wconf 93' lang='lat' dir='ltr'>si</span> <span class='ocrx_word' id='word_1_256' title='bbox 1328 3758 1459 3816; x_wconf 90' lang='lat' dir='ltr'>Homeri</span> <span class='ocrx_word' id='word_1_257' title='bbox 1482 3774 1637 3816; x_wconf 91' lang='lat' dir='ltr'>versusa</span> 
     </span>
     <span class='ocr_line' id='line_1_29' title="bbox 357 3865 1636 3941; baseline -0.002 -17"><span class='ocrx_word' id='word_1_258' title='bbox 357 3883 391 3925; x_wconf 89' lang='lat' dir='ltr'>se</span> <span class='ocrx_word' id='word_1_259' title='bbox 412 3883 584 3926; x_wconf 88' lang='lat' dir='ltr'>conversos</span> <span class='ocrx_word' id='word_1_260' title='bbox 604 3867 674 3941; x_wconf 91' lang='lat' dir='ltr'>ipse</span> <span class='ocrx_word' id='word_1_261' title='bbox 694 3867 803 3925; x_wconf 88' lang='lat' dir='ltr'>Cicero</span> <span class='ocrx_word' id='word_1_262' title='bbox 820 3868 970 3940; x_wconf 89' lang='lat' dir='ltr'>testatur,</span> <span class='ocrx_word' id='word_1_263' title='bbox 995 3865 1051 3924; x_wconf 93' lang='lat' dir='ltr'>ubi</span> <span class='ocrx_word' id='word_1_264' title='bbox 1072 3865 1213 3924; x_wconf 88' lang='lat' dir='ltr'>fabulam</span> <span class='ocrx_word' id='word_1_265' title='bbox 1233 3865 1415 3924; x_wconf 89' lang='lat' dir='ltr'>Calchantis</span> <span class='ocrx_word' id='word_1_266' title='bbox 1433 3883 1450 3924; x_wconf 93' lang='lat' dir='ltr'>e</span> <span class='ocrx_word' id='word_1_267' title='bbox 1468 3881 1636 3940; x_wconf 92' lang='lat' dir='ltr'>passerum</span> 
     </span>
     <span class='ocr_line' id='line_1_30' title="bbox 357 3972 1638 4049; baseline 0 -19"><span class='ocrx_word' id='word_1_268' title='bbox 357 3989 491 4032; x_wconf 88' lang='lat' dir='ltr'>numero</span> <span class='ocrx_word' id='word_1_269' title='bbox 517 3973 708 4049; x_wconf 90' lang='lat' dir='ltr'>augurantis</span> <span class='ocrx_word' id='word_1_270' title='bbox 736 3973 849 4047; x_wconf 89' lang='lat' dir='ltr'>tradit,</span> <span class='ocrx_word' id='word_1_271' title='bbox 880 3989 1015 4047; x_wconf 91' lang='lat' dir='ltr'>prorsus</span> <span class='ocrx_word' id='word_1_272' title='bbox 1044 3990 1107 4031; x_wconf 92' lang='lat' dir='ltr'>non</span> <span class='ocrx_word' id='word_1_273' title='bbox 1136 3975 1184 4031; x_wconf 88' lang='lat' dir='ltr'>est</span> <span class='ocrx_word' id='word_1_274' title='bbox 1213 3988 1270 4031; x_wconf 92' lang='lat' dir='ltr'>cur</span> <span class='ocrx_word' id='word_1_275' title='bbox 1299 3989 1363 4030; x_wconf 92' lang='lat' dir='ltr'>non</span> <span class='ocrx_word' id='word_1_276' title='bbox 1389 3973 1557 4031; x_wconf 86' lang='lat' dir='ltr'>credamus</span> <span class='ocrx_word' id='word_1_277' title='bbox 1578 3972 1638 4030; x_wconf 86' lang='lat' dir='ltr'>hcc</span> 
     </span>
     <span class='ocr_line' id='line_1_31' title="bbox 357 4077 1637 4155; baseline -0.002 -16"><span class='ocrx_word' id='word_1_278' title='bbox 357 4098 430 4139; x_wconf 92' lang='lat' dir='ltr'>eum</span> <span class='ocrx_word' id='word_1_279' title='bbox 458 4097 493 4140; x_wconf 88' lang='lat' dir='ltr'>re</span> <span class='ocrx_word' id='word_1_280' title='bbox 520 4097 595 4140; x_wconf 88' lang='lat' dir='ltr'>vera</span> <span class='ocrx_word' id='word_1_281' title='bbox 623 4080 745 4140; x_wconf 87' lang='lat' dir='ltr'>fecisse.</span> <span class='ocrx_word' id='word_1_282' title='bbox 776 4080 876 4139; x_wconf 87' lang='lat' dir='ltr'>Vertit</span> <span class='ocrx_word' id='word_1_283' title='bbox 903 4080 988 4138; x_wconf 88' lang='lat' dir='ltr'>enim</span> <span class='ocrx_word' id='word_1_284' title='bbox 1015 4081 1046 4138; x_wconf 91' lang='lat' dir='ltr'>et</span> <span class='ocrx_word' id='word_1_285' title='bbox 1073 4079 1134 4137; x_wconf 90' lang='lat' dir='ltr'>alia</span> <span class='ocrx_word' id='word_1_286' title='bbox 1162 4082 1191 4137; x_wconf 90' lang='lat' dir='ltr'>et</span> <span class='ocrx_word' id='word_1_287' title='bbox 1219 4079 1305 4137; x_wconf 88' lang='lat' dir='ltr'>Arati</span> <span class='ocrx_word' id='word_1_288' title='bbox 1327 4079 1540 4155; x_wconf 88' lang='lat' dir='ltr'>prognostica.</span> <span class='ocrx_word' id='word_1_289' title='bbox 1575 4077 1637 4138; x_wconf 89' lang='lat' dir='ltr'>Sed</span> 
     </span>
     <span class='ocr_line' id='line_1_32' title="bbox 357 4185 1638 4260; baseline -0.002 -14"><span class='ocrx_word' id='word_1_290' title='bbox 357 4187 435 4246; x_wconf 85' lang='lat' dir='ltr'>haec</span> <span class='ocrx_word' id='word_1_291' title='bbox 455 4188 562 4246; x_wconf 89' lang='lat' dir='ltr'>minus</span> <span class='ocrx_word' id='word_1_292' title='bbox 583 4187 624 4246; x_wconf 94' lang='lat' dir='ltr'>ad</span> <span class='ocrx_word' id='word_1_293' title='bbox 645 4204 727 4259; x_wconf 86' lang='lat' dir='ltr'>rem;</span> <span class='ocrx_word' id='word_1_294' title='bbox 750 4203 837 4245; x_wconf 92' lang='lat' dir='ltr'>nunc</span> <span class='ocrx_word' id='word_1_295' title='bbox 858 4189 1062 4260; x_wconf 85' lang='lat' dir='ltr'>transeamus</span> <span class='ocrx_word' id='word_1_296' title='bbox 1083 4186 1122 4244; x_wconf 92' lang='lat' dir='ltr'>ad</span> <span class='ocrx_word' id='word_1_297' title='bbox 1147 4185 1289 4244; x_wconf 93' lang='lat' dir='ltr'>virorum</span> <span class='ocrx_word' id='word_1_298' title='bbox 1311 4187 1493 4260; x_wconf 90' lang='lat' dir='ltr'>doctorum,</span> <span class='ocrx_word' id='word_1_299' title='bbox 1519 4185 1638 4259; x_wconf 92' lang='lat' dir='ltr'>quibus</span> 
     </span>
     <span class='ocr_line' id='line_1_33' title="bbox 357 4293 1152 4368; baseline -0.001 -16"><span class='ocrx_word' id='word_1_300' title='bbox 357 4295 389 4352; x_wconf 95' lang='lat' dir='ltr'>in</span> <span class='ocrx_word' id='word_1_301' title='bbox 411 4294 471 4354; x_wconf 88' lang='lat' dir='ltr'>hac</span> <span class='ocrx_word' id='word_1_302' title='bbox 492 4312 527 4354; x_wconf 88' lang='lat' dir='ltr'>re</span> <span class='ocrx_word' id='word_1_303' title='bbox 547 4293 736 4368; x_wconf 88' lang='lat' dir='ltr'>adstipulari</span> <span class='ocrx_word' id='word_1_304' title='bbox 758 4310 822 4351; x_wconf 93' lang='lat' dir='ltr'>non</span> <span class='ocrx_word' id='word_1_305' title='bbox 844 4310 942 4368; x_wconf 90' lang='lat' dir='ltr'>queo,</span> <span class='ocrx_word' id='word_1_306' title='bbox 968 4293 1152 4351; x_wconf 86' lang='lat' dir='ltr'>sententias.</span> 
     </span>
    </p>

    <p class='ocr_par' dir='ltr' id='par_1_4' title="bbox 265 4399 1638 4568">
     <span class='ocr_line' id='line_1_34' title="bbox 265 4399 1140 4480; baseline -0.007 -16"><span class='ocrx_word' id='word_1_307' title='bbox 265 4401 345 4480; x_wconf 60' lang='lat' dir='ltr'>§a</span> <span class='ocrx_word' id='word_1_308' title='bbox 397 4402 448 4459; x_wconf 91' lang='lat' dir='ltr'>De</span> <span class='ocrx_word' id='word_1_309' title='bbox 469 4401 651 4460; x_wconf 91' lang='lat' dir='ltr'>virorum</span> <span class='ocrx_word' id='word_1_310' title='bbox 673 4400 884 4459; x_wconf 88' lang='lat' dir='ltr'>doctorum</span> <span class='ocrx_word' id='word_1_311' title='bbox 907 4399 1140 4458; x_wconf 89' lang='lat' dir='ltr'>sententiis.</span> 
     </span>
     <span class='ocr_line' id='line_1_35' title="bbox 399 4506 1638 4568; baseline -0.003 0"><span class='ocrx_word' id='word_1_312' title='bbox 399 4507 619 4568; x_wconf 87' lang='lat' dir='ltr'>Schiohius</span> <span class='ocrx_word' id='word_1_313' title='bbox 648 4525 712 4567; x_wconf 92' lang='lat' dir='ltr'>non</span> <span class='ocrx_word' id='word_1_314' title='bbox 741 4507 843 4566; x_wconf 92' lang='lat' dir='ltr'>solum</span> <span class='ocrx_word' id='word_1_315' title='bbox 874 4507 1105 4566; x_wconf 86' lang='lat' dir='ltr'>Clitomachum</span> <span class='ocrx_word' id='word_1_316' title='bbox 1133 4509 1163 4565; x_wconf 90' lang='lat' dir='ltr'>et</span> <span class='ocrx_word' id='word_1_317' title='bbox 1193 4507 1379 4565; x_wconf 89' lang='lat' dir='ltr'>Panaetium</span> <span class='ocrx_word' id='word_1_318' title='bbox 1408 4507 1512 4565; x_wconf 85' lang='lat' dir='ltr'>fontes</span> <span class='ocrx_word' id='word_1_319' title='bbox 1538 4506 1638 4564; x_wconf 85' lang='lat' dir='ltr'>fuisse</span> 
     </span>
    </p>
   </div>
   <div class='ocr_carea' id='block_1_3' title="bbox 356 4612 1637 5008">
    <p class='ocr_par' dir='ltr' id='par_1_5' title="bbox 356 4612 1637 5008">
     <span class='ocr_line' id='line_1_36' title="bbox 357 4612 1637 4690; baseline -0.003 -16"><span class='ocrx_word' id='word_1_320' title='bbox 357 4616 484 4689; x_wconf 88' lang='lat' dir='ltr'>statuit,</span> <span class='ocrx_word' id='word_1_321' title='bbox 509 4615 565 4673; x_wconf 90' lang='lat' dir='ltr'>sed</span> <span class='ocrx_word' id='word_1_322' title='bbox 586 4615 707 4673; x_wconf 92' lang='lat' dir='ltr'>addidit</span> <span class='ocrx_word' id='word_1_323' title='bbox 717 4612 743 4690; x_wconf 80' lang='grc'>2)</span> <span class='ocrx_word' id='word_1_324' title='bbox 766 4615 884 4672; x_wconf 93' lang='lat' dir='ltr'>librum</span> <span class='ocrx_word' id='word_1_325' title='bbox 906 4614 1084 4673; x_wconf 91' lang='lat' dir='ltr'>secundum</span> <span class='ocrx_word' id='word_1_326' title='bbox 1106 4616 1231 4688; x_wconf 90' lang='lat' dir='ltr'>praeter</span> <span class='ocrx_word' id='word_1_327' title='bbox 1253 4613 1480 4687; x_wconf 88' lang='lat' dir='ltr'>praefationem</span> <span class='ocrx_word' id='word_1_328' title='bbox 1499 4631 1516 4671; x_wconf 91' lang='lat' dir='ltr'>e</span> <span class='ocrx_word' id='word_1_329' title='bbox 1533 4613 1637 4671; x_wconf 91' lang='lat' dir='ltr'>tribus</span> 
     </span>
     <span class='ocr_line' id='line_1_37' title="bbox 356 4719 1634 4796; baseline -0.004 -15"><span class='ocrx_word' id='word_1_330' title='bbox 356 4721 502 4796; x_wconf 88' lang='lat' dir='ltr'>partibus</span> <span class='ocrx_word' id='word_1_331' title='bbox 523 4723 670 4780; x_wconf 87' lang='lat' dir='ltr'>constare</span> <span class='ocrx_word' id='word_1_332' title='bbox 691 4739 734 4780; x_wconf 93' lang='lat' dir='ltr'>sc.</span> <span class='ocrx_word' id='word_1_333' title='bbox 755 4738 794 4780; x_wconf 86' lang='lat' dir='ltr'>ex</span> <span class='ocrx_word' id='word_1_334' title='bbox 812 4721 842 4778; x_wconf 74' lang='lat'>1⁸</span> <span class='ocrx_word' id='word_1_335' title='bbox 857 4738 882 4779; x_wconf 89' lang='lat' dir='ltr'>e.</span> <span class='ocrx_word' id='word_1_336' title='bbox 904 4720 1003 4780; x_wconf 87' lang='lat'>3-10</span> <span class='ocrx_word' id='word_1_337' title='bbox 1020 4720 1191 4778; x_wconf 89' lang='lat' dir='ltr'>universae</span> <span class='ocrx_word' id='word_1_338' title='bbox 1207 4719 1413 4778; x_wconf 89' lang='lat' dir='ltr'>divinationis</span> <span class='ocrx_word' id='word_1_339' title='bbox 1428 4719 1634 4792; x_wconf 85' lang='lat' dir='ltr'>refutatione,</span> 
     </span>
     <span class='ocr_line' id='line_1_38' title="bbox 357 4825 1634 4903; baseline -0.002 -17"><span class='ocrx_word' id='word_1_340' title='bbox 357 4829 449 4887; x_wconf 70' lang='lat'>11³0.</span> <span class='ocrx_word' id='word_1_341' title='bbox 475 4827 592 4887; x_wconf 83' lang='lat'>12-40</span> <span class='ocrx_word' id='word_1_342' title='bbox 614 4828 781 4887; x_wconf 89' lang='lat' dir='ltr'>reiectione</span> <span class='ocrx_word' id='word_1_343' title='bbox 802 4827 1003 4903; x_wconf 90' lang='lat' dir='ltr'>singulorum</span> <span class='ocrx_word' id='word_1_344' title='bbox 1025 4826 1230 4884; x_wconf 89' lang='lat' dir='ltr'>divinationis</span> <span class='ocrx_word' id='word_1_345' title='bbox 1252 4825 1442 4884; x_wconf 81' lang='lat' dir='ltr'>artifieiosae</span> <span class='ocrx_word' id='word_1_346' title='bbox 1463 4842 1634 4901; x_wconf 88' lang='lat' dir='ltr'>generum,</span> 
     </span>
     <span class='ocr_line' id='line_1_39' title="bbox 357 4932 1636 5008; baseline -0.002 -16"><span class='ocrx_word' id='word_1_347' title='bbox 357 4935 423 4993; x_wconf 71' lang='lat'>111²</span> <span class='ocrx_word' id='word_1_348' title='bbox 440 4954 467 4995; x_wconf 90' lang='lat' dir='ltr'>c.</span> <span class='ocrx_word' id='word_1_349' title='bbox 491 4937 610 4995; x_wconf 80' lang='lat'>54—72</span> <span class='ocrx_word' id='word_1_350' title='bbox 631 4935 837 4995; x_wconf 89' lang='lat' dir='ltr'>divinationis</span> <span class='ocrx_word' id='word_1_351' title='bbox 859 4935 1015 4993; x_wconf 88' lang='lat' dir='ltr'>naturalis</span> <span class='ocrx_word' id='word_1_352' title='bbox 1037 4934 1243 5008; x_wconf 90' lang='lat' dir='ltr'>refutatione,</span> <span class='ocrx_word' id='word_1_353' title='bbox 1268 4934 1376 5006; x_wconf 90' lang='lat' dir='ltr'>itaque</span> <span class='ocrx_word' id='word_1_354' title='bbox 1396 4950 1422 4991; x_wconf 94' lang='lat' dir='ltr'>c.</span> <span class='ocrx_word' id='word_1_355' title='bbox 1449 4932 1566 4991; x_wconf 77' lang='lat'>12-72</span> <span class='ocrx_word' id='word_1_356' title='bbox 1587 4950 1636 4990; x_wconf 94' lang='lat' dir='ltr'>or·</span> 
     </span>
    </p>
   </div>
   <div class='ocr_carea' id='block_1_4' title="bbox 356 5089 569 5098">
    <p class='ocr_par' dir='ltr' id='par_1_6' title="bbox 356 5089 569 5098">
     <span class='ocr_line' id='line_1_40' title="bbox 356 5089 569 5098; baseline 0.009 -2"><span class='ocrx_word' id='word_1_357' title='bbox 356 5089 569 5098; x_wconf 81' lang='lat'>———</span> 
     </span>
    </p>
   </div>
   <div class='ocr_carea' id='block_1_5' title="bbox 391 5126 606 5334">
    <p class='ocr_par' dir='ltr' id='par_1_7' title="bbox 391 5126 606 5334">
     <span class='ocr_line' id='line_1_41' title="bbox 391 5126 596 5245; baseline -0.005 -17"><span class='ocrx_word' id='word_1_358' title='bbox 391 5174 413 5241; x_wconf 70' lang='grc' dir='ltr'>ι)</span> <span class='ocrx_word' id='word_1_359' title='bbox 451 5126 481 5240; x_wconf 74' lang='lat' dir='ltr'>i,</span> <span class='ocrx_word' id='word_1_360' title='bbox 500 5175 517 5245; x_wconf 65' lang='grc' dir='ltr'><strong>ς</strong></span> <span class='ocrx_word' id='word_1_361' title='bbox 538 5176 596 5230; x_wconf 86' lang='lat'>109.</span> 
     </span>
     <span class='ocr_line' id='line_1_42' title="bbox 391 5263 606 5334; baseline 0.009 -16"><span class='ocrx_word' id='word_1_362' title='bbox 391 5263 413 5334; x_wconf 85' lang='lat'>2)</span> <span class='ocrx_word' id='word_1_363' title='bbox 449 5283 475 5334; x_wconf 80' lang='lat' dir='ltr'>p.</span> <span class='ocrx_word' id='word_1_364' title='bbox 495 5265 543 5331; x_wconf 75' lang='lat' dir='ltr'>la,</span> <span class='ocrx_word' id='word_1_365' title='bbox 563 5266 606 5320; x_wconf 80' lang='grc'>43.</span> 
     </span>
    </p>
   </div>
   <div class='ocr_carea' id='block_1_6' title="bbox 0 0 2069 6292">
    <p class='ocr_par' dir='ltr' id='par_1_8' title="bbox 0 0 2069 6292">
     <span class='ocr_line' id='line_1_43' title="bbox 0 0 2069 6292; baseline 0 0"><span class='ocrx_word' id='word_1_366' title='bbox 0 0 2069 6292; x_wconf 95' lang='lat' dir='ltr'> </span> 
     </span>
    </p>
   </div>
  </div>
 </body>
</html>
