4125 6300
1029 775 1068 837 46

250 960 304 1039 10,
334 961 386 1023 16:
410 960 650 1039 aristolochia,
682 962 807 1039 Belgice
835 962 1088 1039 „molfenpiJ'p3”
1117 968 1185 1024 erat
1212 965 1299 1024 utilis
1327 966 1484 1027 adversus
1506 972 1690 1045 serpentum

409 1088 536 1130 morsus
558 1074 588 1130 et
609 1071 642 1130 in
660 1072 905 1145 parturientium
923 1071 1104 1146 doloribuS,
1129 1073 1168 1131 ci.
1187 1073 1460 1152 Theophrastum,
1486 1077 1570 1135 Hist.
1589 1078 1687 1152 plaut.

409 1178 454 1236 IX
468 1178 521 1250 22;
545 1178 625 1236 Plin.
646 1195 677 1235 n.
696 1178 728 1237 h.
747 1178 830 1236 XXV
853 1176 942 1255 595:
967 1179 1075 1253 „inter
1097 1179 1312 1239 nobilissimas
1333 1181 1554 1242 aristolochiae
1575 1201 1691 1243 nomen

408 1285 534 1344 dedisse
564 1283 717 1362 gravidae
749 1274 911 1360 videntur,
945 1287 1097 1360 quoniam
1129 1289 1212 1345 esset
1243 1284 1351 1364 ἀρίστη
1380 1285 1553 1367 λεχούοαις.
1590 1292 1691 1351 nostri

409 1393 528 1451 malum
549 1366 653 1451 terrae
674 1390 826 1451 vocant.''

250 1580 314 1657 10,·
335 1580 385 1640 162
407 1588 530 1650 thaam
551 1622 590 1631 -
610 1589 649 1648 cf.
674 1590 714 1647 de
734 1592 799 1647 nat.
823 1588 909 1647 deor.
935 1586 1043 1665 1116,
1070 1591 1121 1648 14:
1149 1588 1228 1668 qais
1249 1588 1381 1651 iaceait
1400 1589 1523 1652 fissam
1545 1591 1692 1654 iecoris?

407 1698 447 1756 de
468 1698 531 1755 div.
557 1696 590 1754 ΙΙ
613 1695 666 1771 13,
691 1695 745 1754 32:
777 1693 900 1755 rasum
922 1692 1100 1756 familiare
1120 1698 1152 1756 ct
1172 1695 1277 1757 vitale
1298 1698 1472 1770 tractaat,·
1499 1700 1538 1759 ci.
1563 1699 1603 1759 de
1622 1700 1687 1759 div.

308 1868 311 1875 ,
408 1803 500 1879 152,
526 1803 583 1861 114
604 1805 635 1861 51
656 1803 711 1877 52,
737 1801 809 1874 118;
832 1802 865 1860 II
888 1802 942 1878 12,
966 1802 1005 1861 28
1026 1806 1057 1861 51
1081 1805 1134 1878 14,
1159 1803 1211 1876 34;
1235 1802 1357 1865 fissam
1372 1808 1420 1864 est
1435 1806 1518 1865 linea
1533 1807 1690 1881 quaedam

407 1928 505 1985 quam
534 1910 595 1969 sibi
615 1909 781 1986 lingebant
801 1909 835 1967 in
856 1909 938 1968 duas
960 1912 1068 1984 partes
1089 1913 1162 1969 exta
1184 1910 1433 1989 discernentem,
1464 1930 1603 1988 quarum
1625 1931 1690 1973 una

408 2018 449 2077 ad
471 2017 719 2092 sacrificantem,
744 2015 843 2075 altera
864 2016 904 2075 ad
926 2016 1050 2075 hostem
1071 2017 1259 2091 pertinebat.

250 2222 304 2298 10,
335 2223 386 2281 16;
409 2221 622 2282 Summanus
642 2218 680 2280 ia
700 2218 843 2298 fastipio
864 2218 957 2280 Iocis
977 2254 1015 2261 --
1037 2222 1110 2295 quis
1127 2220 1325 2281 Summanus
1340 2222 1452 2298 luerit,
1476 2223 1540 2281 iam
1554 2222 1689 2283 Ovidius

407 2330 557 2405 ignorare
584 2345 619 2388 se
646 2327 725 2385 dixit
749 2327 782 2385 in
803 2328 908 2386 Fastis
929 2327 972 2385 VI
996 2327 1051 2385 731
1075 2327 1251 2403 „Reddita,
1283 2329 1431 2403 quisquis
1452 2328 1479 2387 is
1501 2332 1565 2404 est,
1596 2330 1689 2389 Sum-

407 2453 503 2494 mano
534 2434 651 2509 templa
682 2431 869 2492 feruntur.’'
900 2433 1014 2493 Cultus
1046 2433 1213 2494 Summani
1242 2436 1381 2493 Termini
1410 2435 1588 2494 Iuventatis
1617 2453 1688 2494 cum

407 2543 494 2601 cultu
522 2542 609 2601 Iovis
632 2541 800 2616 Capitolini
821 2541 999 2599 cohaerent.
1035 2541 1232 2600 Summanus
1252 2542 1333 2600 deus
1354 2545 1422 2601 erat
1443 2542 1520 2601 caeli
1542 2543 1689 2601 nocturni

406 2652 436 2707 et
464 2649 492 2707 ei
520 2665 611 2707 sacra
639 2647 775 2722 fiebant,
807 2648 834 2705 si
862 2650 958 2705 noctu
986 2647 1219 2723 fulguraverat.
1251 2648 1372 2707 Nomen
1401 2649 1469 2707 eius
1497 2649 1592 2707 etiam
1620 2650 1689 2707 Iovi

406 2760 571 2829 tamquam
592 2771 768 2831 cognomen
789 2752 969 2812 indebatur.
995 2754 1092 2813 Plura
1114 2753 1154 2813 de
1173 2771 1210 2813 eo
1231 2756 1317 2830 apud
1339 2756 1509 2830 Wissowa,
1534 2756 1634 2831 Relig.
1659 2758 1689 2814 et

408 2863 490 2922 Oult.
515 2864 605 2922 Rom.
629 2880 660 2938 p.
686 2861 753 2920 124.

250 3053 303 3128 10,
334 3053 386 3111 17:
408 3051 613 3111 flammatae
639 3049 797 3128 Iuppiter
823 3051 863 3110 cf.
888 3051 927 3109 de
955 3053 1020 3109 nat.
1045 3048 1131 3108 deor.
1156 3050 1189 3108 II
1218 3050 1272 3124 22,
1305 3051 1342 3109 57
1371 3052 1538 3111 naturam
1559 3049 1599 3111 id
1620 3052 1685 3127 est,

407 3160 447 3218 at
469 3157 555 3233 dat,
580 3157 696 3235 ipaem
718 3156 949 3218 artitisiosam
966 3160 1001 3216 et
1022 3158 1112 3233 Diog.
1131 3159 1233 3216 Laert.
1251 3158 1312 3215 VII
1336 3158 1392 3218 156
1412 3155 1502 3218 δοκεῖ
1517 3156 1551 3218 δὲ
1569 3157 1689 3225 τούτοις

410 3263 484 3343 (τοῖς
511 3262 679 3342 Στωικοῖς)
708 3263 764 3345 τὴν
789 3262 884 3341 φύσιν
906 3260 982 3323 εἶναι
1002 3267 1068 3341 πῦρ
1090 3261 1230 3342 τεχνικὸν
1251 3261 1321 3342 ὁδῷ
1341 3261 1473 3340 βαδίζον
1494 3263 1537 3331 εἰς
1559 3264 1685 3343 γένεσιν.

249 3471 303 3547 11,
334 3471 385 3530 17;
409 3486 498 3548 qaae
519 3467 662 3546 penitas
688 3485 808 3529 555555
834 3467 1015 3528 hominum
1043 3467 1201 3545 vitasque
1226 3469 1434 3528 retentat-
1456 3470 1578 3544 Iupiter
1608 3469 1688 3529 Stoi·

325 3645 336 3665 .
408 3596 517 3637 corum
547 3594 634 3636 more
654 3575 720 3654 πῦρ
741 3573 882 3654 τεχνικὸν
904 3574 955 3652 (D.
974 3577 1008 3634 L.
1026 3576 1087 3634 VIl
1111 3574 1181 3652 156)
1204 3577 1349 3652 denotat,
1381 3578 1467 3651 quod
1489 3577 1521 3635 in
1543 3578 1686 3636 omnium

408 3684 589 3743 mortalium
611 3683 760 3742 sensibus
781 3684 812 3741 et
833 3683 906 3742 vitis
927 3685 991 3758 est,
1017 3701 1091 3742 nam
1113 3683 1219 3742 anima
1241 3687 1289 3742 est
1310 3684 1403 3760 ignis,

249 3890 303 3966 11,
333 3889 385 3949 18:
408 3891 497 3951 laeto
520 3888 682 3950 mactasti
703 3887 790 3949 lacte
811 3886 958 3948 Latinas
980 3887 1038 3965 (sc.
1062 3887 1190 3965 ferias):
1221 3889 1364 3948 sollemni
1386 3890 1543 3949 sacrificio
1563 3891 1687 3949 coluisti

407 4000 503 4057 ferias
525 3998 669 4072 Latinas,
693 3996 812 4071 quibus
833 3996 926 4054 etiam
947 3996 997 4054 lac
1016 3995 1127 4053 offerri
1149 3996 1285 4070 solebat,
1310 3997 1350 4055 cl.
1377 3997 1466 4055 Dion.
1494 3997 1564 4056 Hal.
1590 3997 1624 4055 Α.
1648 3999 1684 4056 R.

407 4106 450 4164 lV
472 4105 540 4165 154.

248 4291 302 4367 11,
333 4289 384 4349 18:
408 4293 494 4353 laria
509 4293 692 4370 perempta
713 4292 762 4352 est
781 4324 819 4332 —
840 4292 871 4350 h.
887 4308 914 4349 e.
938 4308 956 4349 e
976 4292 1148 4365 conspectu
1169 4291 1309 4349 evanuit.

249 4496 302 4571 11,
333 4495 384 4554 182
407 4500 536 4562 Phoebi
555 4500 612 4560 faa
632 4534 671 4541 -
693 4500 733 4560 ci.
758 4499 821 4560 015.
847 4499 937 4559 05111.
962 4498 1070 4573 1118,
1097 4498 1148 4557 18:
1172 4498 1284 4574 „visas
1306 4501 1463 4557 nocturno
1484 4501 1626 4573 tempore
1647 4499 1687 4557 ab

406 4610 567 4669 occidente
594 4608 679 4666 iaces
707 4607 919 4681 ardoremque
945 4604 1063 4679 caeli;'’
1098 4605 1177 4663 Plin.
1202 4623 1233 4663 n.
1255 4606 1285 4662 h.
1311 4605 1344 4662 II
1371 4603 1390 4682 ᾗ
1413 4604 1466 4664 96;
1496 4606 1687 4680 „lampadas

408 4719 523 4775 vocant
554 4716 649 4790 plane
679 4714 780 4789 iaces,
818 4714 953 4772 alterum
986 4709 1117 4789 (genus)
1150 4712 1289 4786 balldne,
1327 4712 1420 4787 quale
1451 4712 1686 4770 Mutinensibus

408 4824 499 4882 malis
531 4823 636 4881 visum
668 4823 725 4880 est.
760 4821 880 4879 distant
911 4819 997 4894 quod
1027 4820 1113 4878 faces
1146 4819 1279 4894 vestigia
1310 4819 1405 4894 longa
1434 4819 1555 4877 iaciunt
1582 4821 1687 4894 priore

407 4930 539 4989 ardente
559 4930 665 5004 pame,
690 4927 771 4986 bolis
793 4944 869 4986 vero
889 4929 1043 5002 perpetua
1064 4924 1181 4984 ardens
1202 4926 1376 5001 longiorem
1398 4926 1496 4984 trahit
1516 4924 1684 4985 limitem.'’

248 5139 302 5214 11,
332 5137 384 5197 18:
406 5152 575 5214 mappam
602 5133 650 5195 ad
676 5134 831 5194 columen
853 5168 890 5175 —
912 5135 931 5193 i.
952 5151 979 5192 5.
1003 5135 1170 5193 columnae
1190 5133 1306 5207 instar;
1329 5134 1368 5192 of.
1395 5130 1415 5209 5
1438 5131 1476 5192 20
1498 5132 1687 5210 „eacctsam

407 5243 456 5306 ad
476 5242 632 5306 calamia
653 5241 808 5303 formata
829 5239 983 5302 decore.'’
