4125 6300
986 738 1022 807 13

364 931 490 1011 nititur,
509 931 565 996 ubi
581 931 808 995 divinationem
824 932 911 997 ducit
926 951 944 995 a
960 934 1033 1011 deo,
1056 952 1074 995 a
1090 934 1169 1012 fato,
1192 950 1210 994 a
1226 933 1341 995 natura
1360 930 1419 1013 (ἐξ
1438 930 1494 996 125
1510 936 1540 996 et
1557 930 1643 1013 130),

363 1044 521 1118 aquibus
543 1062 608 1103 non
630 1044 723 1103 modo
744 1045 777 1102 in
800 1044 932 1104 somniis
954 1062 991 1103 ao
1013 1043 1292 1103 vaticinationibus
1313 1043 1345 1101 in
1361 1044 1479 1119 quibus
1494 1045 1647 1103 divinatio

364 1152 519 1209 naturalis
547 1154 710 1225 versatur,
742 1151 798 1209 sed
825 1151 919 1209 etiam
947 1151 981 1209 in
1003 1151 1101 1226 extis,
1135 1150 1253 1226 signis,
1284 1151 1480 1227 fulgoribus,
1513 1152 1643 1227 avibuS,

363 1258 551 1333 astrologia,
583 1275 666 1332 quae
686 1258 727 1317 ad
748 1258 953 1317 artificiosam
976 1258 1150 1333 pertinent,
1181 1258 1373 1317 Posidonius
1395 1258 1559 1317 divinandi
1582 1259 1646 1317 vim

364 1364 516 1439 repetisse
546 1364 670 1423 dicitur.
705 1364 830 1423 Accedit
857 1366 898 1423 ad
926 1365 985 1422 hos
1013 1367 1079 1423 tres
1107 1365 1192 1423 locos
1221 1365 1303 1423 alius
1332 1382 1427 1440 quem
1455 1365 1518 1424 iam
1547 1383 1646 1440 supra

363 1471 492 1529 laudavi
523 1469 591 1548 (39,
615 1468 686 1547 84),
718 1471 773 1529 ubi
805 1470 984 1530 Stoicorum
1013 1471 1143 1529 nomina
1169 1475 1401 1530 enumerantur
1423 1472 1478 1547 qui
1500 1472 1646 1531 divinati-

364 1594 456 1635 onem
487 1594 505 1635 a
533 1577 583 1635 dis
612 1578 773 1651 repetunt:
805 1577 955 1635 Posidoni
984 1580 1090 1636 tamen
1120 1594 1234 1636 nomen
1264 1577 1308 1635 lbi
1336 1577 1442 1653 abest,
1477 1579 1563 1652 quod
1592 1579 1647 1653 qui

363 1683 483 1742 factum
511 1683 551 1742 sit
579 1684 669 1742 facile
696 1684 918 1758 perspicimus.
951 1684 1060 1743 Cicero
1088 1684 1173 1742 enim
1202 1683 1234 1742 in
1257 1684 1316 1742 hac
1338 1684 1460 1743 ratione
1481 1685 1646 1744 referenda

363 1789 469 1864 ipsum
492 1789 697 1848 Posidonium
720 1790 864 1848 adhibuit
885 1792 916 1849 et
937 1789 1023 1864 apud
1041 1807 1114 1848 eum
1129 1790 1226 1848 trium
1241 1790 1367 1848 illorum
1383 1791 1645 1866 philosophorum

365 1896 536 1972 Chrysippi
556 1896 704 1971 Diogenis
722 1896 894 1970 Antipatri,
916 1897 972 1970 qui
987 1899 1062 1955 ante
1078 1896 1284 1955 Posidonium
1299 1896 1493 1973 floruerunt,
1517 1899 1646 1957 nomina

294 2006 302 2056 ἕ
363 2003 499 2077 invenit,
524 2003 580 2061 sed
602 2003 740 2062 auctoris
763 2003 813 2061 sui
835 2020 951 2078 nomen
973 2004 1106 2078 addere,
1131 2004 1186 2077 qui
1209 2004 1277 2062 sine
1295 2004 1393 2062 dubio
1410 2005 1543 2063 eandem
1560 2004 1645 2064 illam

296 2099 301 2167 ἶ
364 2110 518 2169 rationem
540 2112 704 2182 tamquam
729 2108 854 2169 Stoicus
876 2109 1040 2184 probavit,
1066 2110 1125 2169 hoc
1146 2127 1219 2168 eum
1240 2110 1332 2185 fugit.

403 2217 534 2275 Praeter
575 2214 698 2275 Stoicos
737 2216 1008 2291 Peripatetici
1046 2216 1274 2275 divinationem
1312 2217 1541 2293 defendebant,
1582 2236 1645 2277 non

295 2311 300 2377 ’Ϊ
364 2326 469 2382 tamen
491 2323 693 2397 universam,
725 2322 781 2380 sed
803 2323 897 2381 modo
919 2323 1043 2381 somnia
1065 2325 1095 2382 et
1117 2323 1374 2398 vaticinationes,
1407 2324 1499 2383 cuius
1521 2325 1647 2385 scholae

365 2431 512 2505 princeps
544 2430 705 2490 Ciceronis
732 2429 931 2504 temporibus
959 2433 1026 2489 erat
1056 2430 1293 2505 Cratippus.
1328 2432 1378 2489 Ex
1406 2431 1475 2490 eius
1503 2432 1646 2491 doctrina

363 2538 396 2595 in
420 2537 581 2597 Ciceronis
603 2537 720 2595 librum
741 2537 881 2611 primum
903 2527 942 2595 de
963 2536 1159 2595 divinatione
1180 2537 1345 2596 fluxerunt
1366 2555 1403 2597 ea
1425 2556 1507 2613 quae
1528 2539 1583 2615 32,
1610 2541 1645 2599 71

363 2644 513 2719 legimus:
543 2644 662 2719 „etiam
693 2644 719 2702 si
748 2644 825 2717 quid
854 2644 951 2702 semel
978 2644 1021 2702 ita
1051 2644 1091 2702 sit
1119 2644 1312 2719 divinatum,
1347 2646 1382 2703 ut
1411 2645 1489 2703 nihil
1516 2646 1647 2706 fortuito

364 2751 515 2810 cecidisse
546 2751 706 2825 videatur,
741 2750 801 2809 hoc
831 2750 909 2809 satis
942 2767 1013 2809 esse
1044 2750 1084 2808 ad
1116 2751 1371 2810 confirmandam
1399 2753 1644 2813 divinationem:

364 2861 521 2916 neminem
549 2858 633 2916 enim
662 2857 701 2915 de
729 2858 861 2915 veritato
887 2856 1054 2916 oculorum
1083 2857 1247 2932 dubitare,
1280 2858 1339 2916 etsi
1365 2858 1398 2916 hi
1420 2876 1548 2933 quoque
1569 2878 1646 2919 non-

365 2981 540 3039 numquam
569 2980 629 3022 suo
656 2980 789 3022 munere
818 2980 881 3022 non
905 2961 1122 3039 iungantur.''
1153 2964 1223 3023 Hac
1245 2964 1339 3022 dere
1360 2982 1433 3024 cum
1455 2966 1647 3027 Dicaearcho

344 3068 536 3147 'Cratippus
562 3070 787 3130 consentiebat.
816 3069 879 3129 Sed
901 3071 960 3129 has
983 3070 1265 3145 Peripateticorum
1286 3072 1451 3146 opiniones
1473 3090 1537 3132 non
1560 3075 1645 3149 apud

363 3178 451 3253 ipsos
482 3179 612 3255 legisse,
648 3178 703 3236 sed
735 3179 842 3253 potius
873 3178 959 3252 apud
991 3178 1196 3236 Posidonium
1226 3177 1296 3237 ideo
1324 3197 1383 3254 pro
1411 3183 1496 3239 certo
1525 3182 1642 3258 habeo,

364 3285 503 3358 primum
533 3283 587 3361 (ne
614 3284 717 3343 dicam
745 3284 784 3342 de
812 3285 873 3343 ista
896 3283 1056 3342 scribendi
1077 3284 1176 3342 libros
1198 3283 1404 3359 philosophos
1425 3286 1643 3364 festinatione,

364 3409 427 3466 qua
450 3391 558 3451 Cicero
581 3392 696 3449 multos
715 3391 811 3449 simul
828 3391 932 3449 fontes
950 3391 1038 3450 adire
1052 3389 1296 3468 prohibebatur)
1313 3392 1470 3468 primum,
1493 3393 1643 3472 inquam,

364 3499 450 3572 quod
477 3501 549 3573 post
578 3496 647 3574 (50,
680 3495 750 3573 113)
779 3498 822 3556 ita
851 3498 890 3557 de
918 3498 1061 3574 Cratippi
1090 3497 1212 3557 ratione
1237 3498 1358 3574 agitur,
1395 3502 1428 3557 ut
1450 3502 1528 3574 quin
1549 3502 1647 3562 hoco

364 3608 469 3663 mente
501 3603 597 3663 Stoici
627 3604 806 3679 philosophi
838 3604 958 3663 dictum
990 3605 1047 3680 sit,
1087 3621 1180 3663 nemo
1211 3604 1334 3663 dubitet
1345 3603 1389 3680 1),
1427 3606 1541 3666 deinde
1571 3610 1646 3682 quia

364 3713 418 3787 55,
451 3712 507 3771 125
535 3711 567 3768 in
596 3728 633 3770 ea
661 3713 767 3786 parte,
799 3711 855 3769 ubi
883 3713 1007 3770 constat
1037 3711 1243 3770 Posidonium
1271 3712 1391 3770 iontem
1419 3729 1505 3789 esse,
1538 3715 1647 3775 Cicero

364 3836 499 3894 prorsus
534 3819 644 3877 eadem
679 3819 781 3877 utitur
817 3819 953 3893 ratione,
993 3835 1088 3892 quam
1123 3818 1264 3893 Cratippi
1296 3835 1367 3877 esse
1396 3837 1414 3878 e
1447 3818 1490 3898 ἓξ
1520 3822 1572 3898 70,
1609 3825 1644 3883 71

364 3927 587 4002 cognovimus;
611 3943 686 3984 nam
707 3925 750 3984 ibi
774 3924 809 4002 (ἓ
834 3923 905 4001 125)
928 3942 1058 4000 quoque
1080 3942 1177 4001 „esse
1197 3928 1281 3984 certe
1302 3926 1529 3986 divinationem
1551 3930 1647 4004 idque

288 4099 292 4105 ⁴
363 4050 434 4093 esse
454 4034 604 4092 omnibus
625 4031 867 4091 confitendum”
892 4031 1032 4100 Quintus
1054 4033 1233 4108 profitetur,
1264 4033 1316 4108 „si
1338 4051 1440 4092 unum
1462 4035 1580 4109 aliquid
1603 4038 1645 4097 ita

364 4141 405 4199 sit
425 4140 622 4215 praedictum
644 4156 934 4214 praesensumque,
966 4142 1002 4198 ut
1024 4155 1097 4197 cum
1118 4139 1275 4214 evenerit,
1303 4139 1345 4198 ita
1367 4141 1475 4215 cadat,
1500 4145 1535 4200 ut
1557 4160 1646 4217 prae-

363 4248 481 4306 dictum
517 4249 574 4322 sit,
612 4263 715 4321 neque
749 4247 781 4304 in
815 4265 851 4305 eo
886 4247 1059 4321 quicquam
1092 4263 1170 4306 casu
1202 4249 1232 4304 et
1263 4246 1395 4305 fortuito
1426 4248 1545 4307 factum
1576 4267 1647 4310 esse

364 4352 553 4429 appareat.’'
583 4353 691 4422 Quare
717 4356 747 4412 et
778 4352 883 4412 Stoica
914 4356 944 4412 et
977 4354 1184 4428 Peripatetica
1215 4355 1248 4413 in
1279 4354 1361 4413 libro
1391 4355 1494 4429 primo
1522 4357 1645 4416 Tullius

365 4462 534 4519 Posidonio
555 4461 669 4519 debere
691 4461 767 4519 mihi
789 4461 924 4519 videtur.

406 4568 468 4627 Sed
490 4567 695 4626 divinationis
718 4568 884 4642 refutatio,
916 4585 999 4641 quae
1020 4585 1117 4626 suum
1138 4568 1304 4643 proprium
1324 4569 1428 4627 locum
1451 4570 1483 4627 in
1506 4572 1646 4629 secundo

363 4675 444 4734 libro
472 4675 583 4749 habet,
615 4675 708 4733 etiam
730 4675 763 4732 in
785 4675 888 4749 primo
909 4675 1029 4749 passim
1051 4665 1229 4748 invenitur,
1260 4675 1316 4732 ubi
1339 4675 1573 4735 Carneades
1596 4679 1645 4736 vel

364 4784 452 4840 solus
475 4781 521 4857 (4,
541 4781 571 4857 7)
596 4783 646 4840 vel
666 4762 739 4840 oum
761 4781 959 4840 Panaetio
983 4781 1028 4856 17,
1049 4779 1116 4858 12),
1142 4783 1191 4840 vel
1209 4799 1282 4840 cum
1304 4783 1483 4857 Epicuro
1505 4782 1571 4860 (13,
1591 4785 1643 4857 233

364 4888 417 4964 30,
435 4889 487 4961 62;
506 4888 560 4964 49,
580 4886 649 4965 109)
669 4889 829 4947 laudatur.
848 4889 926 4946 Nam
944 4888 1126 4947 Carneades
1140 4888 1297 4963 imprimis
1315 4888 1428 4948 Stoicis
1444 4892 1646 4950 vehementer

363 5080 576 5093 —fl—

400 5212 420 5282 1)
457 5214 495 5266 Cf.
515 5215 665 5284 praesertim
684 5215 747 5270 hacc
767 5215 855 5270 verba:
878 5217 921 5270 red
939 5217 1059 5291 quonium
1077 5217 1138 5272 dact
1158 5215 1258 5290 aliquid
1278 5216 1352 5292 idque
1371 5234 1421 5272 oon
1435 5233 1543 5292 parvom
1561 5225 1608 5276 cat.
