4125 6300
1008 708 1045 768 54

226 892 281 966 36,
307 888 363 951 79;
388 888 451 969 qui
472 889 614 969 quidun
637 890 693 969 (sc.
713 891 764 971 di)
788 891 858 971 ipsi
878 911 913 955 so
933 890 1035 953 nobis
1055 910 1126 953 non
1149 892 1315 969 otterunt,
1339 891 1409 954 nint
1431 895 1547 955 cutem
1568 910 1669 955 suurn

388 995 489 1075 tonpe
515 995 651 1077 totoque
676 998 899 1075 diffundunt,
931 1016 1039 1078 quom
1062 1000 1135 1059 tunc
1158 1000 1269 1060 terroe
1290 999 1444 1061 cauernis
1465 998 1666 1076 inctudunt,

389 1106 462 1165 tunc
489 1104 671 1166 hominurn
699 1106 839 1168 naturis
866 1105 1053 1184 impticant
1080 1140 1118 1148 —
1147 1108 1225 1166 haec
1251 1125 1396 1183 pugnare
1422 1109 1571 1168 videntur
1597 1126 1670 1168 cum

389 1210 409 1289 ξ,
438 1211 476 1271 64
505 1212 601 1289 quod
628 1211 699 1290 ipsi
725 1212 764 1273 di
789 1230 867 1273 ncnc
889 1211 1143 1273 dormientibus
1164 1211 1420 1291 colloquantur,
1453 1215 1508 1274 sed
1530 1233 1547 1274 e
1570 1213 1589 1293 5
1614 1214 1670 1273 118

387 1335 471 1378 nont
492 1335 563 1379 non
580 1318 697 1396 ptocct
718 1319 845 1381 Stoicis
858 1317 1011 1398 stnpntis
1025 1318 1178 1381 iocorum
1192 1318 1287 1381 tissis
1301 1322 1364 1381 out
1378 1319 1497 1381 ouium
1512 1318 1672 1382 cuntibus

388 1424 566 1487 interesssc
593 1426 716 1499 dcun·
743 1425 972 1504 nequeenim
1000 1427 1163 1487 decorum
1191 1428 1328 1488 estnec
1356 1426 1412 1488 dis
1440 1426 1588 1505 ctt‘pnunr
1612 1444 1672 1488 nec

388 1530 468 1592 ficri
495 1532 567 1593 utto
589 1536 696 1610 poeto
719 1535 836 1611 potest
863 1537 949 1610 patet
979 1534 1102 1594 Stoicos
1131 1552 1195 1593 nou
1224 1552 1260 1594 ea
1289 1551 1373 1609 quae
1400 1552 1417 1594 e
1440 1533 1459 1613 ᾗ
1483 1536 1521 1595 64
1541 1535 1671 1595 laudavi

388 1639 561 1714 pressisse,
590 1640 648 1698 etsi
669 1658 706 1699 ea
728 1659 800 1700 cum
823 1640 1046 1716 antIquissima
1068 1640 1263 1700 Graecorum
1286 1642 1458 1717 sententia,
1483 1642 1588 1717 qualis
1609 1640 1672 1700 iam

388 1746 478 1804 initio
505 1745 577 1804 libri
605 1747 737 1806 secundi
765 1748 875 1806 Iliadis
903 1748 997 1807 obvia
1019 1749 1081 1822 est,
1111 1748 1315 1807 conveniunt.
1350 1748 1453 1808 Facile
1474 1751 1581 1807 autern
1603 1765 1671 1823 per·

390 1852 511 1926 spicere
531 1869 721 1927 possumus,
750 1871 808 1913 cur
829 1854 907 1913 haec
929 1853 1137 1928 Posidonius,
1163 1854 1324 1913 Ciceronis
1346 1856 1466 1929 auctor,
1494 1854 1671 1913 Stoicorum

390 1958 505 2016 rationi
531 1959 697 2018 addiderit.
729 1961 810 2019 Nam
833 1960 1048 2020 Clitomachus
1071 1962 1241 2035 rogaverat
1264 1959 1316 2037 (ct.
1342 1962 1375 2019 II
1400 1959 1419 2037 §
1443 1958 1532 2037 129),
1565 1964 1673 2019 utrum

390 2066 587 2140 probabilius
608 2070 707 2141 esset,
732 2068 851 2126 deosne
871 2068 1066 2126 immortales
1085 2068 1205 2127 circum
1223 2068 1366 2126 omnium
1382 2069 1563 2127 mortalium
1578 2069 1673 2126 lectos

390 2175 420 2231 et
448 2172 599 2248 grabatos
627 2192 835 2249 concursare,
867 2192 908 2233 an
933 2177 1050 2233 natura
1072 2174 1141 2233 fieri
1164 2174 1297 2233 somnia.
1328 2174 1433 2243 Quam
1454 2175 1673 2235 difficultatem

391 2280 445 2338 vix
472 2280 626 2356 effugisse
654 2282 780 2340 videtur
809 2282 1017 2356 Posidonius,
1049 2299 1122 2341 cum
1154 2280 1189 2359 (ἓ
1218 2280 1288 2358 118)
1319 2283 1542 2357 responderet:
1572 2279 1625 2342 ito
1653 2298 1675 2340 o

385 2384 566 2463 principio
594 2386 797 2448 inchoatum
825 2405 894 2448 csse
920 2388 1109 2463 mundum,
1142 2390 1181 2448 ut
1210 2386 1311 2449 certis
1338 2387 1439 2449 robus
1460 2389 1552 2449 certo
1572 2386 1676 2465 sipno

387 2495 662 2571 praeuerterent.

232 2659 288 2734 36,
314 2659 369 2718 79:
394 2656 505 2715 terroe
531 2654 583 2714 cis
606 2699 613 2714 .
639 2700 646 2714 .
673 2701 680 2714 .
705 2653 877 2733 Sibuttarn
898 2689 935 2697 —
961 2657 999 2715 cl.
1026 2657 1116 2715 Diod.
1143 2655 1204 2715 Sic.
1230 2656 1301 2714 XVI
1324 2673 1349 2715 c.
1374 2656 1413 2715 26
1436 2653 1598 2732 (DindorI)
1621 2655 1675 2729 qui

394 2762 519 2837 copiose
554 2765 664 2821 narrat
701 2764 861 2837 pastorem
898 2780 970 2821 cum
1006 2763 1134 2838 capellis
1170 2763 1210 2821 ad
1242 2764 1347 2822 terrae
1378 2780 1548 2821 cavernam
1578 2779 1677 2837 prope

396 2868 534 2944 Delphos
556 2869 683 2927 venisse
703 2869 811 2943 ibique
831 2871 935 2928 terrae
956 2870 988 2927 vi
1009 2870 1175 2929 incitatum
1197 2870 1306 2929 lutura
1328 2869 1509 2944 praedicere
1523 2870 1673 2945 coepisse.

235 3041 290 3116 36,
316 3041 371 3100 79:
395 3035 601 3113 Ampsancti
628 3037 716 3097 lacus
745 3038 837 3114 nigro
865 3039 969 3097 colore
996 3038 1130 3097 foetidas
1156 3056 1253 3098 auras
1274 3038 1466 3098 exhalabant
1488 3040 1583 3111 atque
1603 3037 1678 3095 iude

394 3144 552 3220 Vergilius
573 3145 658 3204 viam
679 3145 817 3221 incipere
838 3146 931 3222 fingit
952 3145 993 3205 ad
1014 3146 1151 3222 interos,
1176 3146 1253 3206 Aen.
1271 3146 1331 3205 VII
1351 3144 1476 3206 56:1—
1492 3141 1673 3219 Plutonia,
1752 3215 1755 3222 γ

394 3252 435 3310 ad
467 3253 676 3311 Maeandrum
707 3253 828 3311 flumen
859 3254 933 3326 sita;
971 3255 1051 3333 teste
1081 3253 1238 3313 Strabone
1266 3255 1346 3312 XIII
1374 3254 1410 3328 4,
1444 3271 1474 3328 p.
1507 3251 1581 3326 629,
1616 3251 1677 3310 sub

395 3377 495 3434 parvo
523 3360 692 3434 supercilio
720 3360 837 3418 montis
865 3377 964 3435 supra
993 3360 1224 3436 incumbentis,
1255 3362 1399 3420 foramen
1428 3362 1476 3419 est
1498 3359 1674 3434 modicum,

302 3499 309 3511 =
395 3467 568 3526 admodum
599 3467 813 3543 profundum,
848 3468 1039 3542 completum
1072 3468 1225 3527 nebulosa
1257 3471 1287 3526 et
1319 3484 1428 3527 crassa
1457 3467 1608 3543 caligine,
1643 3469 1678 3524 ut

397 3575 501 3632 solum
523 3574 577 3633 vix
598 3575 737 3649 conspici
758 3575 868 3650 possit.

237 3736 293 3810 36,
317 3736 373 3795 80:
397 3732 462 3794 itto
481 3733 670 3794 ttecaninto
692 3734 725 3812 (i.
738 3753 764 3793 e.
783 3736 911 3794 turbata
930 3735 1037 3794 anima
1053 3752 1110 3793 seu
1126 3734 1259 3812 vesana)
1272 3767 1309 3777 -
1325 3734 1358 3794 si
1374 3734 1558 3793 Ernestium
1575 3733 1678 3809 sequi·

398 3859 471 3899 mur
499 3839 613 3916 „itta”
642 3846 690 3900 est
718 3843 901 3917 Tecmessa‚
933 3842 1037 3901 Atacis
1066 3860 1162 3918 uxor,
1197 3842 1283 3917 apud
1310 3842 1487 3901 Pacuvium
1508 3841 1679 3916 deplorans

398 3948 522 4007 Manem
551 3951 723 4008 mortuum.
755 3949 947 4009 Ribbeckius
976 3967 1068 4024 vero,
1100 3950 1140 4008 ad
1168 3950 1285 4009 Pacuv.
1314 3949 1354 4008 tr.
1380 3949 1435 4023 50,
1466 3949 1576 4007 laudat
1602 3948 1678 4006 Var-

399 4073 508 4114 ronem
539 4055 591 4133 (de
611 4057 631 4114 l.
645 4058 665 4115 l.
683 4058 743 4115 VII
765 4057 803 4116 87
826 4054 870 4133 Μ)
901 4057 1013 4132 „apud
1037 4055 1238 4116 Pacuvium''
1264 4056 1331 4134 (sic.
1358 4053 1458 4132 Flor.)
1483 4055 1679 4130 „flexanima

398 4166 562 4237 tamquam
590 4162 771 4238 lymphata:
801 4163 964 4238 lymphata
993 4163 1075 4223 dicta
1105 4181 1123 4222 a
1151 4160 1319 4239 lympha.''
1349 4163 1420 4222 Non
1445 4161 1580 4220 dubium
1601 4161 1679 4235 quiu

399 4270 439 4328 de
461 4270 600 4328 Hesi0ne
620 4270 698 4328 haec
718 4269 750 4326 in
773 4270 895 4328 Teucro
917 4272 1047 4328 narrata
1069 4267 1226 4329 fuerint.’'
1256 4269 1332 4327 Mihi
1347 4270 1447 4327 multo
1462 4268 1565 4344 magis
1580 4268 1680 4343 placet

400 4375 506 4450 opinio
527 4375 706 4450 Ribbeckii,
731 4376 816 4450 quod
838 4376 871 4433 in
893 4376 1021 4434 Ernesti
1042 4376 1252 4451 explicatione
1272 4392 1336 4434 non
1359 4377 1460 4451 patet,
1490 4374 1567 4449 quid
1590 4391 1680 4433 voca·

399 4482 511 4541 bulum
533 4498 635 4541 suurn
657 4482 740 4540 velit.

242 4634 296 4708 37,
321 4632 376 4693 80:
400 4631 438 4692 in
470 4631 628 4693 Phaedro
659 4631 819 4693 Platonis
851 4666 888 4673 -
921 4650 951 4707 p.
983 4633 1041 4691 244
1073 4651 1101 4692 a.
1117 4652 1143 4693 c.
1165 4634 1218 4693 22:
1251 4637 1308 4692 νῦν
1336 4631 1371 4693 δὲ
1398 4629 1434 4691 τὰ
1461 4631 1590 4710 μέγιστα
1618 4633 1681 4690 τῶν

401 4737 537 4816 ἀγαθῶν
566 4739 642 4818 ἡμῖν
673 4739 804 4818 γίγνεται
836 4737 886 4798 διὰ
914 4737 1028 4816 μανίας
1056 4738 1127 4817 risio
1155 4739 1261 4816 μέντοι
1283 4737 1368 4801 δόσει
1390 4737 1574 4816 διδομένης,
1596 4741 1677 4814 etp.

400 4847 459 4906 245
481 4864 509 4905 a.
523 4865 550 4906 c.
574 4847 627 4906 22:
657 4846 692 4914 ὃς
714 4845 744 4906 δ’
767 4846 806 4905 ἂν
828 4844 902 4906 ἄνευ
923 4845 1039 4922 μανίας
1060 4843 1206 4907 Μουσῶν
1228 4843 1277 4906 ε’πὶ
1297 4843 1461 4924 ποιητικὰς
1482 4843 1587 4923 δύρος
1608 4842 1680 4923 ἀφί-

400 4973 507 5030 κηται,
538 4950 676 5019 πεισθεὶς
707 4950 753 5019 ὡς
784 4951 846 5030 ἄρα
878 4951 913 5012 ἐκ
945 4951 1054 5030 τέχνης
1085 4949 1193 5020 ῖκανδς
1224 4951 1355 5032 ποιητὴς
1375 4950 1541 5028 ἐσόμενος,
1574 4948 1682 5030 ἀτελὴς

402 5057 497 5126 αὐτός
524 5081 554 5118 τε
581 5057 634 5118 καὶ
662 5058 681 5137 ἡ
703 5058 826 5137 ποίησις
850 5056 914 5118 ὑπὸ
936 5063 990 5137 τῆς
1009 5060 1074 5118 τῶν
1094 5059 1299 5136 μαινομένων
1320 5058 1338 5138 ἡ
1360 5063 1414 5119 τοῦ
1436 5061 1683 5138 σωφρονοῦντος

402 5165 574 5245 ἠφανίσθη,
