4125 6300
1055 759 1092 821 34

433 945 589 1022 Epicurea
617 964 635 1006 e
661 948 748 1007 fonte
775 966 840 1007 non
868 948 1025 1023 Epicureo
1050 952 1272 1007 manaverunt.
1305 949 1472 1009 Praeterea
1495 950 1558 1009 iam
1580 949 1613 1008 in
1634 948 1715 1009 libro

432 1055 535 1129 primo
563 1055 705 1131 Cratippi
732 1056 921 1115 sententiam
949 1074 966 1114 e
993 1055 1164 1115 Posidonio
1191 1056 1329 1131 sumpsit
1351 1056 1460 1116 Cicero
1483 1055 1570 1133 (vide
1591 1074 1622 1132 p.
1649 1055 1711 1133 13).

432 1161 546 1235 ltaque
572 1161 642 1219 fieri
670 1163 789 1236 potest,
823 1165 859 1220 ut
887 1179 956 1221 eam
984 1162 1037 1221 hio
1064 1162 1245 1237 repetiverit
1272 1165 1302 1221 et
1330 1180 1404 1221 cum
1433 1163 1563 1238 Epicuri
1591 1164 1714 1239 placitis

431 1285 470 1327 ex
497 1268 558 1327 alio
586 1268 673 1327 lonte
693 1268 818 1327 haustis
840 1269 1081 1343 comparaverit.
1116 1268 1178 1327 Sed
1199 1270 1268 1343 ipse
1290 1269 1432 1344 Cratippi
1453 1270 1533 1329 liber
1556 1288 1619 1329 non
1641 1271 1714 1330 fons

431 1374 663 1434 existimandus
684 1375 742 1433 est.

471 1478 645 1539 Videamus
670 1480 768 1556 igitur
793 1481 1126 1541 Academicorum
1148 1482 1277 1541 nomina
1298 1482 1449 1556 locosque
1470 1483 1525 1541 ubi
1547 1500 1583 1542 ea
1604 1500 1713 1543 occur-

431 1579 516 1645 r'unt.
537 1586 784 1662 Carneades,
802 1588 858 1662 qui
872 1588 1001 1663 saepius
1015 1587 1203 1647 nominatim
1216 1591 1358 1664 vocatur,
1378 1590 1496 1663 scripta
1508 1606 1573 1648 non
1586 1590 1714 1664 reliquit

429 1696 555 1769 praeter
581 1694 751 1770 epistulae,
782 1711 864 1768 quae
892 1712 970 1753 num
998 1695 1157 1771 genuinae
1185 1695 1250 1754 sint
1274 1696 1440 1755 dubitatur
1452 1694 1490 1772 1).
1521 1696 1585 1755 Nec
1606 1699 1712 1757 tamen
1822 1778 1827 1787 ὓ

429 1800 549 1859 infitias
570 1800 616 1859 ire
637 1816 810 1875 possumus
831 1818 870 1860 ex
887 1801 957 1859 eius
975 1801 1154 1876 philosophi
1170 1801 1285 1860 studiis
1300 1819 1353 1876 ea,
1379 1819 1461 1876 quae
1475 1802 1558 1861 libro
1572 1803 1712 1861 secundo

430 1909 540 1966 contra
560 1906 787 1967 divinationem
808 1907 970 1982 dicantur,
1002 1925 1167 1967 manasse:
1192 1926 1267 1968 nam
1288 1910 1428 1984 primum
1452 1907 1496 1986 ἐξ
1518 1908 1617 1969 8-26
1639 1927 1712 1968 0011-

428 2013 530 2073 tinent
560 2014 685 2088 plenam
717 2016 813 2088 atque
843 2014 1001 2090 integram
1033 2015 1073 2073 de
1102 2015 1189 2073 omni
1220 2015 1416 2074 divinatione
1443 2016 1709 2091 disputationem,

429 2137 526 2195 quam
554 2120 663 2179 Cicero
687 2120 756 2195 ipse
776 2120 816 2182 ad
839 2104 1035 2180 Carneadem
1058 2121 1154 2179 refert
1164 2119 1202 2197 2).
1235 2121 1401 2181 Praeterea
1423 2122 1456 2181 in
1478 2122 1601 2196 reliqua
1622 2125 1713 2197 parte

428 2229 501 2301 post
522 2227 723 2302 singulorum
744 2244 897 2303 generum
918 2227 1124 2286 divinationis
1146 2228 1417 2287 enumerationem
1439 2246 1474 2287 re
1492 2246 1568 2287 vera
1584 2230 1711 2304 singula

428 2351 545 2410 genera
573 2336 766 2410 tractantur,
797 2337 963 2409 exceptum
991 2336 1098 2393 tamen
1127 2338 1175 2394 est
1200 2334 1434 2395 Chaldaeorum
1455 2353 1559 2412 genus
1579 2336 1612 2394 in
1634 2354 1711 2395 enu-

428 2441 602 2501 meratione
635 2440 655 2518 8
681 2442 737 2517 26,
771 2442 811 2500 de
842 2459 906 2516 quo
937 2444 1047 2517 postea
1078 2459 1096 2500 e
1127 2442 1278 2501 Panaetio
1308 2443 1480 2518 nonnulla,
1515 2446 1551 2501 ut
1581 2444 1707 2517 monui,

427 2549 646 2623 proferuntur.
679 2548 826 2609 Ceterum
854 2548 961 2607 omnia
989 2551 1073 2607 recte
1094 2550 1271 2623 procedunt
1291 2552 1321 2608 et
1343 2566 1408 2608 uno
1429 2550 1561 2625 consilio
1581 2567 1711 2624 unaque

427 2655 550 2715 ratione
580 2656 754 2729 composita
785 2659 878 2730 sunt,
911 2656 990 2714 ordo
1019 2672 1095 2713 vero
1123 2672 1293 2731 generum,
1328 2656 1384 2730 qui
1411 2656 1444 2715 in
1472 2656 1711 2715 enumeratione

429 2758 473 2839 ἐξ
495 2762 551 2837 26,
581 2762 619 2820 27
647 2762 874 2837 praemittitur,
906 2779 978 2820 oum
1006 2762 1076 2837 ipsa
1105 2763 1286 2837 argumenti
1314 2762 1560 2837 pertractatione
1586 2760 1648 2840 (ἐξ
1671 2763 1710 2823 28

426 2869 591 2943 usquead
612 2867 723 2945 tinem)
746 2868 864 2943 optime
884 2869 1047 2945 congruit:
1069 2886 1156 2927 unus
1178 2869 1276 2945 igitur
1297 2872 1345 2928 est
1366 2870 1449 2939 10110,
1479 2868 1542 2937 Qui
1562 2870 1636 2928 fons
1658 2870 1710 2929 ille

427 2976 467 3035 sit
498 2994 562 3035 non
593 2976 727 3034 dubium
758 2977 815 3034 est.
852 2975 1013 3036 Ciceronis
1042 2976 1140 3035 verba
1169 2974 1205 3053 (ἕ
1232 2974 1284 3052 97)
1317 2975 1455 3036 videsue
1485 2992 1539 3035 rue
1569 2992 1642 3036 uou
1670 2993 1710 3036 ea

427 3082 537 3144 dicae
558 3099 647 3161 quae
671 3080 865 3143 Carneades
885 3082 945 3142 sed
967 3100 1008 3143 ea
1025 3100 1115 3162 quae
1126 3082 1290 3161 prinecps
1307 3082 1504 3143 Stoicorum
1520 3081 1710 3143 Panaetius

426 3188 575 3250 deserit?
605 3191 788 3267 significant
818 3209 872 3266 ea,
906 3208 988 3265 quae
1020 3208 1098 3250 non
1131 3191 1281 3250 Panaetio
1311 3191 1484 3266 debentur,
1519 3209 1553 3250 re
1585 3209 1660 3250 vera
1691 3209 1709 3250 e

426 3297 600 3358 Carneadis
627 3296 771 3356 doctrina
798 3315 870 3357 esse
896 3297 1023 3356 hausta.
1056 3297 1229 3357 Carneadis
1256 3297 1417 3372 decapite
1439 3297 1565 3356 Panisci
1587 3298 1707 3357 dictum

425 3406 535 3464 eontra
559 3403 681 3464 Stoicos
702 3404 883 3463 detenditur
906 3402 941 3481 (5
961 3403 1026 3481 48),
1051 3403 1257 3478 eiusdemque
1278 3404 1416 3462 iaculum
1438 3404 1477 3462 de
1499 3405 1706 3464 Praenestina

425 3513 567 3571 Fortuna
589 3508 872 3586 Clitomachi-⁹³)
895 3512 1082 3570 auctoritate
1104 3513 1214 3569 narrat
1237 3507 1272 3587 (ξ
1295 3507 1359 3585 87).

465 3619 553 3678 Inter
571 3618 744 3693 discipulos
761 3617 935 3677 Carneadis
950 3634 1162 3692 quaeramus,
1186 3618 1318 3691 quinam
1332 3617 1406 3676 lons
1422 3616 1583 3677 Ciceronis
1597 3617 1703 3676 tuerit.

423 3725 523 3784 Nemo
549 3725 656 3784 autem
684 3741 796 3783 eorum
822 3725 973 3782 laudatur
1001 3725 1064 3782 nisi
1094 3723 1308 3784 Clitomachus
1336 3724 1433 3798 idque
1461 3724 1558 3782 semel
1581 3720 1616 3800 (ξ
1639 3721 1702 3798 87).

426 3831 490 3892 Sed
506 3829 660 3891 accedunt
678 3831 740 3890 alia
755 3833 962 3906 argumenta,
987 3848 1045 3889 cur
1062 3829 1276 3890 Clitomachus
1290 3829 1498 3889 Academicus
1514 3829 1707 3906 Carthagine

424 3940 520 3998 natus
547 3938 621 3997 tons
648 3937 821 4012 primarius
848 3937 921 3996 libri
945 3937 1077 3996 secundi
1105 3937 1268 4012 putandus
1297 3936 1347 3994 sit.
1378 3935 1460 3995 Nam
1481 3940 1555 3995 aute
1577 3937 1706 3995 Posido-

424 4046 512 4104 nium
544 4045 633 4103 illum
663 4046 825 4104 auctorem
857 4044 976 4102 vixisse
1006 4060 1136 4103 necesse
1163 4045 1226 4119 est,
1262 4060 1335 4102 cum
1362 4043 1573 4119 definitionis,
1607 4060 1706 4118 quam

424 4153 615 4212 Posidonius
643 4152 683 4210 de
709 4151 905 4210 divinatione
932 4152 1079 4226 praebuit
1106 4149 1148 4210 de
1169 4148 1385 4210 divinatione
1406 4167 1495 4227 quae
1515 4151 1565 4211 est
1585 4167 1705 4210 earum

422 4276 539 4320 rerum
556 4276 645 4337 quae
659 4258 827 4319 fortuitae
837 4259 1025 4335 putautur,
1039 4255 1237 4334 praedictio
1253 4257 1358 4333 atque
1366 4255 1568 4333 praesensio
1582 4255 1612 4334 (Ι
1625 4255 1644 4334 ξ
1658 4254 1701 4333 9),

423 4367 504 4426 ratio
518 4384 583 4425 non
597 4364 754 4426 habeatur
768 4366 802 4424 in
816 4366 898 4425 libro
913 4365 1054 4424 secundo
1071 4362 1106 4441 (ᾗ
1124 4362 1185 4440 13).
1211 4365 1378 4423 Praeterea
1393 4381 1509 4423 nomen
1524 4365 1704 4423 Poenorum

422 4474 648 4550 philosophum
667 4472 964 4550 Carthaginiensem
983 4469 1126 4548 prodiit)
1148 4473 1179 4530 et
1195 4470 1239 4548 ἐξ
1257 4470 1328 4547 126,
1354 4470 1426 4546 130,
1452 4471 1523 4547 184,
1549 4471 1621 4547 144,
1647 4473 1704 4531 145

425 4582 603 4641 Stoicorum
632 4581 672 4640 de
700 4581 832 4640 somniis
857 4579 971 4655 placita
992 4580 1035 4637 ita
1057 4579 1255 4654 refutantur,
1286 4579 1321 4636 ut
1343 4576 1545 4654 Chrysippus
1566 4582 1597 4637 et
1617 4579 1704 4637 Anti-

421 4692 511 4763 pater
532 4688 719 4763 laudentur,
744 4704 808 4745 non
830 4686 1031 4744 Posidonius.
1058 4686 1222 4743 Postremo
1244 4684 1445 4760 Chrysippus
1465 4683 1509 4760 (et
1523 4683 1701 4760 Antipater)

456 4964 477 5033 1)
514 4964 599 5016 Ζο1101
617 4963 675 5027 ΙΙΙ,
697 4964 727 5026 l,
745 4962 808 5015 499.

454 5053 477 5118 2)
513 5053 531 5122 §
550 5053 580 5106 9:
600 5053 668 5120 quod
684 5053 809 5119 imprimis
830 5049 973 5102 Carneades
991 5069 1110 5117 quaerere
1129 5050 1229 5102 solebat.

455 5142 477 5209 ³)
513 5142 531 5211 ἓ
549 5142 597 5195 87:
616 5142 684 5209 quod
704 5140 860 5193 Camertem
881 5139 1049 5192 Clitomachus
1066 5139 1151 5190 scribit
1169 5141 1250 5190 dicere
1266 5139 1376 5190 holitum.

454 5231 478 5299 4)
514 5231 598 5302 §aaz
619 5231 677 5283 vide
696 5230 843 5282 Schichium
862 5248 887 5296 p.
907 5230 1027 5293 31-34‚
1048 5231 1089 5281 41.
