4125 6300
1039 746 1078 815 30

459 935 607 1018 Hoyerus
637 937 681 1019 (p.
707 934 759 1019 61)
783 938 1000 1019 promulgavit
1021 941 1104 1003 hanc
1126 956 1255 1019 quoque
1276 941 1467 1005 sententiam
1489 942 1521 1005 in
1544 941 1577 1006 ΙΙ
1602 940 1621 1025 5
1646 941 1703 1008 120

417 1049 581 1108 vinculum
602 1050 685 1108 inter
706 1050 737 1107 id
760 1050 844 1124 quod
868 1050 977 1110 Cicero
999 1054 1097 1125 ponat
1118 1055 1148 1110 et
1169 1053 1313 1128 exempla
1331 1053 1402 1112 cius
1420 1054 1531 1114 deesse
1541 1052 1578 1130 1).
1605 1056 1702 1131 Equi·

418 1157 488 1214 dem
517 1173 579 1214 non
610 1156 783 1232 perspicio,
814 1157 892 1231 quid
919 1158 1117 1216 desideretur
1145 1174 1249 1233 neque
1276 1160 1353 1217 mihi
1380 1160 1506 1219 videtur
1528 1179 1610 1236 opus
1632 1180 1703 1222 esse

418 1262 589 1338 confugere
619 1263 658 1322 ad
692 1263 833 1322 Platonis
861 1263 937 1321 illud
966 1260 1157 1341 λογιστικὸν,
1189 1268 1225 1323 ut
1253 1282 1304 1324 res
1332 1266 1522 1342 explicetur,
1558 1269 1614 1327 sed
1642 1269 1702 1328 hoc

418 1369 527 1428 Cicero
561 1370 721 1445 significat
756 1370 879 1429 animos
909 1371 942 1429 in
975 1387 1088 1429 somno
1119 1371 1201 1447 lulli,
1239 1374 1275 1430 ut
1307 1389 1552 1448 nonnumquam
1585 1392 1701 1434 sensus

417 1480 545 1535 nostros
568 1477 776 1553 vigilantium.
801 1477 931 1536 Nullum
953 1480 1116 1553 praeterea
1137 1481 1241 1538 exstat
1261 1480 1430 1556 indicium,
1456 1479 1709 1558 cur11§§139*

417 1586 447 1642 et
477 1583 533 1642 140
561 1584 703 1643 Antiochi
736 1584 833 1643 verba
860 1601 932 1644 esse
962 1585 1130 1644 credamus
1161 1583 1205 1661 (p.
1230 1583 1298 1661 62),
1330 1603 1434 1661 neque
1462 1590 1548 1663 patet
1575 1591 1701 1663 praeter

416 1691 502 1750 illam
530 1694 682 1765 quattuor
709 1692 849 1766 partium
877 1692 1065 1751 divisionem
1096 1690 1215 1768 (119),
1247 1692 1342 1752 etiam
1371 1694 1399 1752 si
1427 1711 1462 1753 re
1486 1712 1563 1754 vera
1584 1695 1617 1753 in
1639 1695 1658 1753 l.
1684 1696 1699 1753 I

416 1798 613 1856 inveniretur
643 1796 743 1874 (quod
771 1795 884 1874 nego),
915 1798 1009 1857 etiam
1038 1798 1131 1857 aliam
1160 1798 1201 1857 ab
1230 1799 1383 1859 Antiocho
1410 1816 1483 1858 esse
1505 1801 1696 1876 proiectam,

416 1921 479 1978 qua
501 1904 653 1962 divinatio
674 1904 846 1963 artificiosa
868 1906 898 1962 et
919 1904 1075 1963 naturalis
1096 1904 1380 1980 distinguerentur.

340 2010 345 2019 '
456 2010 655 2086 Explodatur
682 2010 781 2086 igitur
808 2011 989 2071 coniectura
1015 2012 1136 2087 Hoyeri
1157 2014 1188 2071 et
1208 2012 1248 2071 de
1268 2012 1349 2071 libro
1371 2013 1513 2072 secundo
1534 2014 1700 2090 disputare

415 2135 615 2194 1nc1p1amua

825 2276 864 2337 B.
909 2291 956 2336 uu
978 2290 1088 2337 muno
1112 2290 1284 2338 succubo

456 2485 535 2544 Cum
565 2484 663 2543 breve
690 2485 913 2559 argumentum
943 2483 1041 2541 huius
1068 2483 1142 2541 libri
1162 2484 1225 2543 iam
1247 2500 1346 2559 supra
1370 2482 1414 2560 (p.
1441 2483 1471 2559 7)
1495 2484 1695 2560 dederimus,

415 2610 502 2651 nunc
533 2592 639 2650 statim
671 2590 712 2650 ad
742 2591 827 2649 locos
855 2587 1337 2665 percensendos'transeamuS,
1372 2591 1428 2648 ubi
1457 2591 1567 2650 Cicero
1594 2591 1697 2650 tontes

345 2712 356 2731 ·
416 2716 493 2758 snos
514 2699 583 2774 ipse
602 2697 722 2757 laudat.

324 2801 403 2880 §6.
455 2806 583 2864 Index
616 2805 815 2879 locorum,
853 2804 920 2862 ubi
951 2804 989 2862 in
1021 2804 1042 2862 l.
1074 2804 1107 2861 ΙΙ
1140 2804 1281 2864 Cicero
1312 2805 1401 2879 ipse
1431 2806 1569 2863 tontes
1600 2822 1697 2863 suos

414 2912 566 2972 laudat
641 2915 644 2922 '

455 3020 523 3078 Lib.
548 3020 591 3077 ΙΙ.
616 3017 651 3093 3,
676 3018 704 3077 8.
749 3014 885 3076 Stoice
905 3014 1138 3076 Stoicorum
1159 3016 1366 3077 senteutiam
1389 3016 1583 3078 defendisti.

474 3126 509 3203 3,
534 3126 562 3186 9.
628 3122 724 3204 quod
756 3122 794 3184 in
820 3120 952 3201 primis
983 3120 1211 3186 Carneades
1240 3141 1402 3203 quaerere
1428 3123 1576 3201 solebat,
1613 3141 1696 3202 qua·

512 3250 676 3293 rumnam
713 3248 831 3291 rerum
867 3228 1041 3290 diuinatio
1078 3233 1176 3307 esset,
1218 3248 1382 3293 earumne
1419 3249 1508 3310 quae
1541 3229 1697 3292 sensibus

508 3338 778 3418 perciperentur.

475 3449 508 3524 7,
535 3447 581 3507 19.
625 3445 687 3507 sed
709 3446 824 3505 tamen
846 3443 944 3522 apud
964 3443 1127 3505 Stoicos
1149 3444 1190 3506 dc
1211 3444 1278 3506 isto
1300 3446 1374 3506 tato
1390 3445 1502 3507 muita
1518 3444 1692 3506 dicuntur.

455 3556 508 3631 10,
532 3556 581 3614 25.
626 3554 690 3614 1100
713 3550 818 3613 sentit
846 3551 1063 3627 Homerus,
1095 3569 1172 3612 cum
1194 3555 1390 3631 querentem
1411 3552 1525 3614 Iouem
1546 3552 1692 3614 inducit.

479 3663 554 3721 ibid.
623 3661 687 3722 1100
708 3658 800 3719 idem
821 3657 1001 3737 sipnificat
1024 3657 1200 3719 Graecus
1221 3658 1280 3720 itte
1299 3677 1424 3720 uersam.

394 3753 397 3756 ⁴
456 3771 508 3845 13,
533 3770 581 3828 311.
627 3764 881 3828 Democritus
903 3768 1019 3826 tamen
1040 3783 1112 3826 non
1129 3764 1251 3827 inscite
1266 3769 1438 3844 nupatur,
1463 3769 1503 3827 ut
1511 3765 1691 3844 physicus,

514 3893 583 3954 quo
613 3892 735 3953 penere
761 3872 853 3935 nibil
877 3871 1134 3950 arrogantius.
1161 3919 1167 3932 .
1194 3918 1200 3933 .
1225 3891 1342 3934 00111111
1369 3872 1400 3934 10
1430 3875 1544 3935 10111011
1571 3873 1695 3934 babitu

514 3985 668 4043 catorum
690 3984 721 4043 ct
742 3981 855 4042 001010
876 3979 1049 4041 declarari
1070 3981 1180 4041 censet
1200 3979 1282 4042 daec
1303 3980 1495 4042 dumtaeat.

455 4091 507 4166 13,
532 4092 580 4151 31.
626 4088 942 4166 Pherecydeum
963 4086 1070 4163 ittud,
1096 4085 1191 4164 quod
1212 4088 1261 4148 est
1282 4085 1414 4148 dictum
1436 4105 1459 4148 a
1481 4089 1520 4148 te.

356 4193 358 4196 ’
454 4198 507 4272 13,
531 4198 580 4258 32.
632 4196 752 4257 Verum
772 4194 845 4256 sint
864 4211 948 4254 sanc
969 4192 1039 4254 ista
1061 4193 1337 4256 Democritea
1357 4212 1447 4255 cera.

455 4306 507 4379 14,
532 4305 581 4364 33.
625 4301 739 4362 muita
759 4301 851 4362 enim
873 4299 1015 4361 Stoici
1036 4298 1215 4377 cottipunt.

454 4412 507 4487 15,
532 4412 580 4471 35.
621 4409 733 4487 pudet
750 4426 821 4470 me.
838 4454 844 4467 .
861 4453 892 4468 ..
918 4405 1160 4486 Chrysippi
1180 4405 1418 4484 Antipatri
1439 4405 1689 4483 Posidonii,

513 4517 576 4596 qui
602 4517 695 4578 idem
722 4514 812 4577 istuc
840 4513 980 4593 quidem
1009 4512 1145 4589 dicunt,
1178 4513 1273 4592 quod
1299 4516 1348 4575 est
1370 4513 1501 4575 dictum
1523 4532 1545 4575 a
1568 4516 1613 4590 te,
1646 4514 1698 4574 ad·

512 4623 664 4687 bostiam
692 4622 912 4701 detipendam
940 4620 1060 4682 ducem
1089 4639 1158 4681 csse
1184 4620 1254 4681 uim
1284 4621 1464 4699 quandam
1491 4620 1692 4683 sentientem

513 4735 618 4811 atque
639 4729 796 4791 diuinam
818 4746 908 4807 quae
929 4730 1001 4790 1010
1023 4729 1167 4790 contusa
1188 4728 1320 4789 mundo
1342 4728 1397 4790 011.

455 4843 507 4917 17,
532 4841 580 4900 39.
625 4837 725 4898 doleo
755 4838 891 4897 tantam
919 4834 1054 4896 Stoicos
1078 4838 1216 4897 nostros
1237 4834 1420 4913 Epicureis
1440 4834 1616 4896 irridendi
1635 4834 1693 4897 sui

511 4946 713 5008 facultatem
735 4943 879 5006 dedisse.

446 5238 469 5309 1)
506 5235 655 5306 „aciemn
673 5234 720 5287 der
738 5232 912 5304 Behenptung
931 5230 1052 5290 sudden
1072 5231 1217 5306 Beispielen
1235 5231 1299 5288 tehlt
1317 5231 1373 5287 hier
1390 5230 1432 5286 die
1451 5229 1648 5302 Verbiudung.”
