4125 6300
989 764 1026 834 67

207 954 263 1037 39,
289 953 345 1021 82:
369 952 575 1023 Homericam
594 953 685 1022 Aias
712 998 746 1009 -
776 956 862 1038 apud
884 959 1061 1022 Homerum
1087 976 1151 1022 non
1175 959 1270 1039 Aiax,
1296 958 1351 1022 sed
1373 957 1480 1023 Ulixes
1502 956 1535 1021 in
1557 954 1646 1021 Iliad.

368 1069 413 1128 IX
443 1069 501 1129 236
530 1069 688 1144 loquitur:
727 1065 808 1135 Ζεὺς
846 1066 882 1128 δέ
919 1090 975 1147 σφι
1013 1065 1174 1148 Κρονίδης
1213 1067 1334 1140 ἐνδέξια
1371 1068 1494 1148 σήματα
1526 1068 1651 1146 φαίνων

363 1173 550 1253 Ἄοτράπτει.

207 1364 263 1438 39,
291 1363 346 1423 82:
368 1352 421 1413 ita
441 1352 542 1415 cobis
562 1352 709 1414 sinistra
729 1352 907 1429 videntur,
936 1352 1056 1415 Graiis
1077 1355 1109 1415 et
1128 1353 1289 1415 barbaris
1304 1354 1424 1415 (lectra
1438 1353 1593 1415 meliora.
1614 1389 1648 1395 —

368 1462 475 1520 Huius
503 1462 696 1521 discriminis
725 1479 822 1521 causa
848 1464 916 1520 erat
937 1462 1086 1520 diversus
1108 1463 1343 1538 auspicantium
1366 1462 1458 1521 situs
1493 1462 1649 1520 Nimirum

368 1568 514 1644 Graecia,
546 1568 793 1643 septentrionem
815 1569 1051 1644 spectantibus,
1082 1569 1194 1627 dextra
1216 1568 1352 1627 fulmina
1373 1571 1480 1644 erant,
1506 1586 1589 1643 quae
1610 1569 1650 1627 ab

368 1676 488 1734 oriente
509 1676 668 1749 venirent;
690 1676 865 1749 eademque
886 1675 1040 1735 Romanis
1062 1675 1207 1749 sinistra,
1232 1675 1451 1750 spectantibus
1470 1675 1647 1751 meridiem,

368 1800 387 1841 a
414 1781 504 1841 laeva
529 1782 702 1858 orientem,
733 1799 751 1841 a
780 1783 892 1841 dextra
920 1799 1070 1842 occasum
1098 1781 1301 1841 habentibus.
1332 1782 1371 1840 cf.
1401 1783 1532 1841 Homer.
1557 1782 1646 1840 Iliad.

369 1887 431 1947 XII
452 1889 526 1949 239:
558 1888 589 1949 εἴ
613 1888 639 1947 τ’
672 1887 722 1949 ἐπὶ
754 1887 830 1959 deff?
864 1888 935 1949 ἴωσι
965 1886 1047 1966 πρὸς
1079 1888 1129 1967 ἠῶ
1160 1888 1186 1947 τ’
1217 1886 1320 1967 ἠέλιόν
1348 1910 1395 1959 τε,
1424 1889 1482 1948 240
1504 1888 1535 1948 εἴ
1550 1888 1575 1947 τ’
1600 1887 1649 1948 ἔπ’

369 1993 513 2073 ἀριστερὰ
541 1995 589 2056 τοί
615 2018 649 2073 γε
676 1993 747 2056 ποτὶ
774 1994 877 2073 ζόφον
903 1995 1060 2075 ἠερόεντα.
1089 1997 1203 2056 Festus
1225 1997 1244 2053 i.
1262 2014 1292 2055 v.
1317 1996 1521 2055 sinistrae
1541 2014 1647 2077 aves

409 2076 624 2181 quemqnam
645 2102 743 2163 baud
763 2101 889 2181 ipooro
912 2149 990 2163 ....
1015 2102 1198 2164 videbatur
1221 2132 1257 2145 -
1280 2103 1388 2163 Cicero
1404 2105 1486 2162 vult:
1509 2104 1649 2179 primum
1702 2178 1704 2182 Ι

369 2210 499 2269 sinistra
519 2210 604 2269 bona
624 2210 700 2286 dici,
725 2210 840 2270 deinde
860 2212 966 2270 omnia
988 2211 1072 2270 bona
1095 2210 1226 2269 sinistra
1247 2210 1341 2269 etiam
1357 2211 1384 2268 si
1399 2228 1416 2269 a
1431 2210 1543 2269 dextra
1559 2213 1650 2285 parte

369 2318 475 2376 veniat
502 2318 685 2393 augurium.
719 2316 843 2376 Scilicet
870 2317 1037 2393 explicatio
1064 2315 1125 2377 scd
1152 2318 1239 2376 certe
1260 2361 1292 2376 ..
1316 2320 1386 2375 cett.
1418 2318 1591 2376 admodum
1616 2319 1649 2375 in

368 2423 466 2482 dubio
486 2426 535 2482 est
555 2441 634 2482 num
657 2441 732 2483 vera
754 2424 805 2482 sit.

208 2603 265 2679 40,
293 2603 348 2663 84:
370 2609 520 2653 caeneus
547 2627 585 2634 —
617 2594 765 2653 Venditor
794 2593 979 2653 Caricarum
1008 2592 1165 2652 clamabat
1192 2591 1381 2669 „cauneas”
1406 2593 1491 2667 quod
1512 2594 1651 2669 intellegi

369 2702 492 2776 poterat
523 2718 583 2759 cau
614 2699 647 2758 n'
670 2717 725 2759 eas
752 2702 772 2759 i.
794 2718 821 2759 e.
852 2718 929 2759 cave
957 2718 997 2759 ne
1022 2718 1087 2759 eas.
1114 2700 1264 2760 Similiter
1286 2701 1371 2775 apud
1393 2701 1464 2759 Iuv.
1490 2701 1517 2757 X
1540 2700 1661 2773 120111¹

369 2808 488 2882 optimo
509 2807 616 2867 codice
637 2807 810 2866 Pithoeano
831 2808 972 2867 causis
993 2833 1033 2855 =
1054 2825 1131 2867 cave
1152 2808 1214 2883 sie,
1239 2808 1278 2867 cf.
1304 2808 1459 2883 Lindsay,
1485 2808 1538 2866 the
1558 2807 1650 2867 Latin

369 2914 530 2991 language
550 2931 581 2989 p.
605 2914 644 2974 49
668 2912 687 2991 §
711 2914 759 2974 50.

210 3096 265 3170 41,
293 3094 347 3156 85:
370 3084 499 3147 micare
518 3120 557 3129 —
584 3088 648 3147 Cic.
673 3088 713 3146 de
733 3088 788 3157 off.
813 3087 864 3145 ΙΙΙ
888 3088 941 3164 19,
967 3089 1020 3148 77:
1043 3105 1121 3149 cum
1143 3086 1234 3149 caim
1255 3085 1361 3148 sidem
1384 3085 1535 3148 alicuius
1556 3086 1651 3148 borri-

372 3196 546 3273 tatechcc
567 3194 733 3269 ἰαααανιί,
758 3193 907 3274 clipeum
928 3214 998 3258 crac
1019 3195 1141 3257 dicunt
1162 3194 1303 3274 quicum
1321 3194 1359 3256 io
1376 3195 1522 3257 tenebris
1537 3195 1648 3257 mices.

371 3302 418 3362 Oi.
444 3304 571 3362 Petron.
606 3302 714 3362 Satur.
738 3321 764 3362 c.
789 3305 838 3362 44.
862 3336 902 3345 -
929 3301 1061 3364 Micarc
1080 3306 1128 3364 est
1149 3303 1285 3363 invicem
1306 3303 1418 3363 crebro
1439 3304 1555 3381 digitos
1577 3322 1649 3379 por·

370 3410 487 3486 rigere,
512 3413 548 3468 ut
568 3411 758 3470 certantium
779 3412 915 3485 uterque
937 3427 1108 3469 numerum
1129 3428 1239 3470 eorum
1261 3411 1391 3469 divinet.

210 3587 266 3662 41,
294 3585 348 3645 86:
371 3577 530 3639 Fortuna
552 3577 777 3639 Praenestina
798 3611 836 3621 -
865 3580 903 3638 cf.
928 3580 1100 3655 Wissowa,
1125 3579 1224 3655 Relig.
1248 3581 1278 3637 et
1300 3578 1383 3639 Oult.
1407 3580 1498 3637 Rom.
1524 3598 1553 3654 p.
1579 3579 1646 3638 209.

103 3665 116 3692 ⁵
371 3686 513 3745 Fortuna
551 3687 758 3745 Praenestina
796 3687 865 3745 sive
902 3687 1085 3746 Fortuna
1124 3686 1236 3744 Iovis
1272 3703 1372 3761 puer
1404 3686 1651 3761 primigenia

373 3789 466 3868 (puer
493 3819 533 3842 =
559 3791 638 3869 iilia)
668 3793 734 3852 filia
762 3793 849 3852 Iovis
877 3796 945 3852 erat
973 3795 1004 3852 et
1029 3811 1048 3852 a
1075 3793 1233 3852 matribus
1254 3793 1401 3853 invocata
1422 3811 1492 3852 esse
1513 3793 1648 3852 videtur.

371 3898 528 3967 Quoniam
558 3901 700 3959 Fortuna
727 3900 771 3958 ibi
799 3918 872 3959 cum
900 3900 1028 3959 duobus
1054 3900 1231 3959 infantibus
1258 3900 1449 3959 lactentibus
1471 3899 1544 3958 ficta
1566 3903 1648 3976 erat,

371 4009 401 4065 et
421 4007 559 4066 tortasse
578 4024 678 4081 prava
698 4007 825 4065 illorum
840 4006 1012 4065 verborum
1029 4005 1203 4084 (Fortuna
1217 4005 1310 4067 Iocis
1319 4022 1409 4083 puer
1418 4003 1649 4084 primiceria)

371 4112 493 4173 inducti
513 4113 773 4189 interpretatione
792 4114 932 4173 infantes
953 4115 1063 4174 Iovem
1085 4118 1115 4174 et
1136 4115 1293 4173 Iunonem
1312 4130 1383 4172 esse
1398 4108 1648 4174 arbitrabantur.

211 4291 267 4366 42,
294 4289 349 4349 89:
372 4298 413 4342 ca
435 4279 616 4360 triccpulc
636 4280 692 4342 illi
712 4284 745 4343 et
766 4281 945 4360 quadrato
965 4281 1161 4343 nominant.
1194 4317 1228 4324 -
1258 4284 1423 4360 Meyerus,
1449 4283 1498 4341 vir
1519 4257 1649 4360 doctus,

373 4390 450 4450 haec
471 4407 535 4449 non
557 4390 651 4465 plane
672 4392 819 4449 accurate
839 4391 983 4465 exposita
1004 4407 1075 4449 esse
1096 4392 1218 4449 monet:
1245 4390 1325 4450 Cum
1347 4391 1431 4449 enim
1453 4390 1598 4465 planetae
1618 4392 1651 4449 in

372 4513 438 4556 uno
468 4497 587 4556 zodiaci
618 4497 727 4572 signo,
762 4513 827 4570 quo
858 4497 931 4570 quis
964 4498 1060 4555 natus
1088 4499 1153 4571 est,
1186 4497 1235 4554 vel
1263 4497 1387 4571 dequo
1409 4497 1653 4572 qualiscumque

373 4605 453 4662 ratio
483 4607 531 4662 est
561 4605 718 4679 ineunda,
752 4604 963 4678 conveniunt,
998 4604 1177 4679 appellatur
1205 4604 1282 4662 haec
1310 4603 1490 4663 coniunctio
1517 4601 1653 4671 σύνοδος

374 4709 707 4787 (Zusammenkuntt);
734 4728 807 4769 cum
835 4710 966 4769 dimidio
994 4710 1078 4769 inter
1106 4727 1140 4769 se
1161 4710 1281 4769 distant
1303 4710 1421 4768 circulo
1442 4710 1577 4785 ideoque
1592 4712 1652 4770 sibi

372 4818 507 4878 invicem
544 4821 769 4894 opponuntur,
809 4819 967 4894 oppositio
1002 4817 1119 4884 dicitur
1153 4815 1415 4894 (Gegenschein);
1455 4835 1526 4876 cum
1560 4819 1653 4878 tertia

373 4925 481 4984 circuli
508 4927 599 5001 parte
626 4943 645 4984 a
673 4943 708 4984 se
734 4925 870 4984 invicem
898 4925 1034 5001 distant,
1066 4925 1117 4984 vel
1137 4927 1289 4999 quattuor
1311 4925 1413 5001 signis
1435 4925 1649 5002 interpositi0,

373 5030 483 5090 radius
515 5033 692 5108 appellatur
719 5032 990 5108 quadrangularis
1017 5029 1213 5108 τετράγωνος
1243 5029 1509 5108 (Geviertschein)
1521 5050 1528 5104 ;
1564 5036 1652 5092 sexta

373 5139 510 5213 denique
537 5140 647 5199 circuli
675 5143 781 5215 parte,
813 5141 863 5198 vel
891 5140 1019 5199 duobus
1047 5139 1148 5216 signis
1176 5138 1363 5215 interiectio,
1396 5139 1516 5198 sextilis
1537 5140 1653 5200 dicitur

374 5247 442 5309 sive
462 5245 624 5328 ἑξάγωνος
646 5245 941 5328 (Sechstelschein).

1514 5345 1545 5401 b*
