4125 6300
992 755 1029 815 41

372 960 435 1001 vox
469 961 505 1003 ea
540 941 706 1004 fortuitae
739 945 770 1002 et
804 944 882 1003 scite
912 943 991 1001 dixit
1023 961 1074 1002 res
1106 942 1254 1002 fortuitas
1285 959 1351 1001 non
1382 943 1552 1002 convenire
1582 959 1655 1002 cum

375 1050 554 1110 Stoicorum
585 1049 624 1109 de
654 1051 720 1110 fato
750 1048 895 1110 doctrina
926 1050 982 1126 qui
1009 1052 1116 1110 omnia
1145 1050 1211 1109 fato
1239 1050 1309 1108 lieri
1337 1049 1462 1109 vellent.
1499 1049 1561 1110 Sed
1591 1068 1654 1108 non

373 1158 475 1216 solum
498 1151 636 1232 „locus”
659 1175 697 1217 ac
718 1155 899 1234 „materia”
923 1158 1132 1216 monstranda
1153 1160 1258 1230 erant3
1282 1155 1438 1232 restabat,
1464 1160 1500 1216 ut
1522 1155 1652 1232 „ratio”

373 1282 501 1339 quoque
520 1263 725 1324 indicaretur.
755 1264 805 1339 lix
826 1265 886 1324 hac
906 1264 1095 1323 difficultate
1115 1263 1197 1323 miro
1217 1264 1312 1322 modo
1333 1280 1367 1322 00
1387 1262 1547 1339 expedivit
1569 1264 1655 1323 Posi·

373 1371 499 1430 donius
535 1372 619 1430 Dixit
649 1373 680 1430 et
709 1371 742 1429 in
774 1372 886 1432 ceteris
917 1371 1042 1430 artibus
1073 1373 1104 1429 et
1135 1370 1167 1429 in
1199 1370 1394 1429 divinatione
1424 1369 1533 1429 eodem
1562 1372 1655 1429 modo

374 1476 579 1552 „rationem”
603 1477 708 1537 valere
730 1477 818 1555 (01.1
843 1475 943 1555 524),
968 1478 1024 1536 sed
1047 1479 1190 1537 veterum
1215 1476 1393 1539 Stoicorum
1416 1478 1549 1554 vestigia
1567 1495 1655 1537 secu*

372 1588 443 1660 tue,
480 1586 633 1660 impetum
664 1586 797 1644 deorum
828 1585 942 1645 adesse
972 1587 1134 1660 oportere,
1172 1586 1207 1643 ut
1239 1585 1406 1645 exsisteret
1437 1583 1653 1661 „divinatio”

373 1691 435 1759 Qui
463 1709 515 1751 res
542 1692 669 1751 divinas
693 1693 866 1756 tractarent
888 1689 1072 1767 „ratione'',
1104 1694 1274 1766 postquam
1296 1708 1313 1750 a
1336 1708 1468 1767 corpore
1489 1708 1523 1751 se
1544 1709 1655 1752 avoca·

375 1799 512 1874 vissent,
543 1816 607 1857 non
635 1798 762 1858 divinos
790 1799 952 1858 vocandos
979 1815 1067 1873 esse,
1099 1798 1154 1857 sed
1182 1797 1292 1857 eodem
1320 1799 1414 1857 modo
1442 1802 1657 1874 agerentque

374 1904 511 1964 medicos
529 1903 760 1981 gubernatores
775 1905 918 1980 aliosque
934 1904 987 1980 (cl.
1005 1906 1021 1963 Ι
1039 1902 1059 1982 5
1076 1902 1158 1980 111).
1183 1906 1254 1964 Hoc
1267 1922 1331 1963 non
1347 1905 1451 1965 solum
1466 1906 1499 1964 in
1517 1906 1655 1965 naturali

373 2011 568 2071 divinatione
596 2012 717 2088 valere,
749 2012 806 2071 sed
833 2012 926 2071 etiam
955 2012 1161 2071 artificiosam
1190 2012 1259 2070 sine
1285 2012 1406 2088 impetu
1431 2013 1563 2071 deorum
1585 2029 1656 2071 esse

374 2135 477 2193 posse.
509 2119 718 2194 Perspicuum
745 2120 844 2195 igitur
874 2122 922 2177 001
948 2119 982 2177 in
1008 2119 1069 2178 hac
1095 2118 1280 2178 defensione
1305 2121 1449 2178 veterum
1476 2118 1655 2179 Stoicorum
1716 2140 1719 2148 ·

374 2225 488 2300 placita
508 2242 603 2301 posse
624 2226 752 2286 retineri
773 2225 1023 2301 Clitomachique
1043 2227 1234 2301 argumenta
1256 2226 1399 2285 refutari.
1424 2226 1521 2286 Plura
1539 2226 1579 2286 de
1596 2227 1656 2287 hac

374 2349 620 2408 recognoscere
641 2319 842 2408 poteramus,
867 2333 894 2391 si
915 2334 1002 2391 totus
1024 2335 1207 2407 superesset
1227 2331 1307 2391 liber
1324 2331 1364 2391 de
1379 2332 1459 2408 lato,
1484 2350 1558 2392 narn
1574 2351 1656 2409 quae

373 2438 407 2497 in
437 2439 552 2500 lacuna
580 2439 692 2515 capitis
720 2439 852 2499 secundi
879 2456 905 2498 s.
930 2439 952 2497 1.
977 2439 1158 2514 perierunt,
1193 2439 1354 2498 Posidonii
1382 2440 1496 2515 placita
1524 2439 1564 2499 de
1591 2441 1656 2500 fato

374 2546 588 2605 continebant.
622 2545 744 2605 Nomen
775 2546 844 2604 eius
876 2546 987 2605 saltem
1015 2546 1105 2605 initio
1133 2546 1245 2621 capitis
1273 2546 1356 2604 tertii
1384 2546 1501 2622 legitur
1529 2548 1559 2605 01
1587 2548 1656 2607 04

374 2651 417 2710 ita
438 2652 563 2727 incipit,
588 2655 623 2711 ut
643 2652 737 2728 plura
758 2652 871 2712 abesse
893 2651 1055 2711 Posidonii
1077 2654 1266 2729 argumenta
1288 2652 1472 2728 suspiceris.

415 2759 580 2819 Postremo
608 2759 700 2824 nobis
721 2760 945 2835 explicandum
967 2762 1014 2819 est
1037 2760 1148 2819 curin
1171 2760 1282 2818 mediis
1304 2760 1525 2821 Clitomaoheis
1548 2761 1657 2822 Cicero

377 2865 430 2943 (de
459 2865 524 2925 div.
553 2866 586 2925 II
617 2864 670 2942 87)
702 2865 742 2925 de
773 2865 941 2927 Chaldaeis
973 2883 1073 2943 agens
1105 2866 1292 2926 Panaetium
1324 2868 1453 2927 secutus
1484 2868 1534 2927 sit.
1570 2869 1657 2927 Haec

375 2974 519 3047 quaestio
540 2991 613 3033 eum
633 2974 715 3032 libro
735 2972 775 3033 de
795 2974 861 3033 fato
881 2974 1051 3034 cohaerere
1072 2973 1212 3049 videtur,
1236 2990 1332 3047 quem
1349 2973 1458 3034 Cicero
1471 2974 1534 3034 iam
1550 2976 1657 3034 animo

375 3083 561 3156 conceperat
588 3081 628 3139 de
654 3082 850 3141 divinatione
877 3079 1031 3141 scribens.
1063 3081 1177 3156 Itaque
1205 3098 1269 3139 non
1297 3080 1422 3157 omnia,
1452 3098 1535 3157 quae
1564 3082 1656 3143 Clito-

376 3188 509 3247 machus
520 3185 545 3263 1)
580 3187 760 3248 Stoicorum
790 3189 830 3248 de
860 3189 926 3248 1110
958 3185 1064 3266 δόγμα
1091 3189 1287 3264 impugnans
1314 3188 1342 3247 ei
1370 3189 1558 3266 praebebat,
1592 3190 1656 3249 iam

376 3312 448 3354 cum
470 3295 696 3354 divinationem
718 3298 905 3371 exponeret,
930 3295 1040 3356 Cicero
1061 3313 1220 3371 usurpare
1241 3294 1401 3373 cupiebat,
1427 3297 1483 3356 sed
1499 3298 1656 3372 quaedam

376 3401 415 3460 de
443 3400 610 3461 Chaldaeis
637 3400 677 3460 ad
705 3401 823 3462 librum
845 3402 1042 3478 singularem
1063 3402 1103 3462 de
1122 3403 1188 3461 1110
1208 3403 1394 3462 reservabat
1414 3404 1444 3462 et
1465 3402 1602 3463 malebat
1623 3406 1656 3464 in

376 3507 426 3566 his
447 3509 636 3567 enarrandis
657 3508 754 3568 alium
778 3506 994 3585 (Panaetium)
1017 3509 1078 3568 sibi
1099 3510 1243 3584 exemplo
1263 3526 1343 3569 esse.
1368 3510 1557 3569 Paenaelius
1572 3512 1655 3570 enim

376 3613 477 3673 fatum
505 3632 570 3673 non
598 3615 745 3674 reiciebat
774 3614 856 3692 (erat
883 3615 968 3674 enim
999 3614 1126 3676 Stoicus
1155 3618 1284 3691 totaque
1312 3614 1491 3675 Stoicorum
1512 3615 1656 3677 doctrina

376 3737 449 3780 eum
470 3720 536 3780 fato
556 3724 624 3780 arte
644 3722 813 3782 coniuncta
833 3720 895 3798 est)
918 3724 975 3782 sed
996 3723 1229 3782 Chaldaeorum
1251 3723 1365 3798 placita
1386 3724 1566 3798 spernebat.

412 4003 435 4071 ι)
471 4005 618 4057 sumena:
643 4005 684 4058 ue
709 4006 870 4058 1110111
895 4007 974 4057 nitu.
1000 4006 1064 4058 stoa
1090 3994 1123 4073 μ’
1137 4009 1186 4060 155
1209 4025 1264 4074 sqq.
1290 4007 1476 4059 Clitomachum
1496 4009 1523 4059 in
1542 4008 1607 4059 raro
1626 4008 1658 4060 ue
1720 4074 1723 4078 ,

376 4095 429 4146 1110
453 4094 584 4146 Ciceronis
607 4096 704 4146 iontem
722 4096 875 4162 primarium
894 4113 950 4148 esse
967 4095 1088 4148 ostendit.
1115 4096 1276 4148 Schoemann
1295 4097 1321 4148 in
1341 4097 1452 4149 editione
1471 4098 1594 4149 librorum
1613 4097 1656 4148 III

377 4183 409 4235 de
429 4193 522 4236 natura
539 4185 609 4236 deor.
628 4203 654 4252 p.
676 4185 715 4238 18.
741 4185 929 4237 Clitomachum
948 4185 1025 4238 etiam
1045 4187 1143 4237 iontem
1162 4187 1178 4236 l.
1199 4187 1242 4237 ΙΙΙ
1260 4187 1315 4238 eius
1333 4187 1418 4253 operis
1436 4188 1513 4239 1111110
1532 4186 1656 4254 perhibet.
