4125 6300
1018 695 1056 756 56

234 881 288 957 42,
307 880 369 970 931⁸
391 879 601 959 prodipiam
636 890 742 941 ortum
777 884 825 942 est
856 901 895 941 ex
926 883 1161 958 praepositione
1192 884 1272 959 prod
1306 881 1345 960 (S.
1370 882 1442 960 pro)
1465 882 1539 961 ΔΓ*
1571 884 1679 961 agium

398 988 497 1066 (quod
519 990 665 1049 cohaeret
685 1007 758 1049 cum
779 988 856 1066 aio)
879 991 920 1050 ei.
944 990 1096 1067 adagium
1119 988 1268 1068 (Walde).

236 1185 290 1259 42,
306 1184 360 1243 93:
395 1184 436 1243 at
458 1184 496 1243 ta
516 1182 604 1244 soles
624 1181 735 1244 dicere
752 1218 791 1227 —
813 1185 900 1245 Haec
919 1184 1016 1243 verba
1036 1184 1105 1243 sine
1121 1184 1185 1243 ulla
1204 1184 1401 1245 dubitatione
1419 1185 1585 1271 relerepda
1604 1188 1680 1244 sunt

396 1289 436 1349 ad
463 1308 500 1349 ea
526 1308 608 1365 qnae
630 1291 739 1350 Cicero
760 1292 887 1366 scripsit
907 1292 947 1350 de
968 1294 1033 1350 nat.
1058 1291 1144 1350 deor.
1169 1292 1202 1349 II
1226 1289 1246 1368 ἓ
1270 1292 1301 1351 7:
1325 1289 1583 1368 praedictiones
1603 1308 1681 1351 vero

396 1398 428 1457 et
443 1396 707 1474 praesensiones
726 1415 842 1459 reram
862 1397 1065 1458 tatarorum
1080 1396 1168 1474 pald
1182 1396 1283 1458 alind
1297 1397 1478 1459 declarant
1490 1397 1561 1459 nisi
1573 1397 1681 1459 bomi-

395 1502 499 1564 nibns
517 1521 557 1564 ea
575 1504 765 1580 ostendi,
787 1503 1046 1580 monstrari,
1063 1503 1293 1580 portendi,
1309 1503 1540 1583 praedici?
1561 1522 1681 1583 capno

396 1608 461 1670 illa
492 1611 681 1691 ostenta,
716 1594 928 1686 monstra,
959 1611 1190 1687 portenta,
1217 1610 1437 1689 prodipia
1459 1611 1678 1673 dicantar.

397 1718 456 1775 Vix
477 1735 559 1792 opus
581 1721 628 1776 est
649 1735 778 1777 monere
799 1718 981 1778 Ciceronem
1002 1718 1036 1776 in
1059 1718 1234 1792 veriloquio
1255 1736 1323 1778 voc.
1335 1718 1470 1779 monstri
1485 1718 1567 1795 falli,
1596 1719 1682 1793 quod

398 1823 545 1883 cohaeret
566 1842 639 1883 cum
660 1824 758 1888 verbo
779 1825 938 1884 monendi.

239 2007 557 2088 salelaudimia
585 2011 625 2069 cl.
653 2010 747 2069 Tusa.
772 2011 787 2068 Ι
819 2008 838 2086 ᾗ
862 2010 935 2069 116:
964 2008 1019 2070 bis
1047 2012 1078 2070 et
1106 2009 1236 2070 talibas
1261 2009 1462 2071 auctoribus
1482 2010 1539 2071 asi
1559 2009 1683 2071 confir·

400 2118 499 2177 mant
520 2132 662 2176 cansam
683 2114 783 2176 rebns
804 2134 827 2176 a
848 2115 903 2177 dis
917 2114 1176 2177 immortalibus
1190 2114 1394 2177 indicatam.
1426 2116 1571 2177 iudicata
1586 2117 1684 2194 igitur

399 2225 420 2283 i.
435 2242 466 2299 q.
490 2224 606 2283 iudicio
627 2224 694 2282 sive
715 2223 847 2283 arbitrio
871 2222 1055 2300 (maiorum)
1079 2224 1294 2299 comprobata.

241 2423 295 2497 47,
316 2421 388 2482 105:
404 2418 614 2481 addubitato
637 2417 771 2479 Salutis
791 2416 942 2496 cupario
964 2451 1004 2461 —
1024 2420 1044 2478 i.
1059 2436 1085 2479 e.
1107 2437 1180 2479 cum
1201 2420 1417 2495 dubitaretur,
1442 2438 1520 2479 num
1541 2421 1683 2480 faustum

400 2530 484 2586 esset
514 2526 634 2585 Salutis
662 2526 846 2601 augurium.
878 2523 1079 2602 dapariam
1100 2523 1226 2586 salatis
1247 2543 1311 2585 non
1333 2527 1374 2585 ad
1398 2525 1551 2586 Sabinam
1572 2506 1681 2602 deam,

401 2634 529 2692 nomine
553 2632 711 2707 Salutem,
736 2632 888 2707 pertinet,
913 2632 969 2691 sed
990 2632 1022 2690 id
1044 2650 1157 2707 capere
1178 2632 1322 2692 solebant
1344 2636 1380 2691 nt
1401 2632 1519 2693 scirent
1539 2634 1687 2693 liceretne

401 2741 478 2799 deos
494 2740 617 2815 precari
632 2756 691 2814 pro
706 2739 824 2814 populo
842 2740 995 2798 Romano.
1015 2740 1054 2798 cl.
1070 2740 1132 2799 Cic.
1147 2740 1187 2798 de
1202 2740 1284 2816 legg.
1304 2740 1337 2797 ΙΙ
1356 2737 1375 2817 ᾗ
1389 2739 1425 2798 21
1443 2756 1612 2817 appares.
1629 2786 1635 2799 .
1652 2785 1659 2800 .
1675 2785 1682 2799 .

403 2844 628 2924 disciplinam
651 2847 785 2907 tenmto
806 2846 1067 2923 sacerdotesque
1088 2846 1121 2906 et
1137 2844 1253 2907 vineta
1270 2843 1472 2924 eirpetapae
1489 2847 1522 2907 et
1538 2846 1687 2908 salutem

397 2952 529 3031 papali
556 2955 767 3030 apparanto.
797 2954 837 3013 ci.
868 2954 962 3013 etiam
993 2954 1163 3029 Wissowa,
1195 2954 1295 3030 Relig.
1326 2956 1356 3012 et
1385 2953 1467 3013 (lnlt.
1493 2955 1583 3013 Rom.
1614 2953 1683 3031 (Iw.

404 3061 528 3120 Mirlleri
550 3060 759 3136 „Handbuch
780 3061 837 3119 der
858 3061 956 3119 klass.
981 3057 1260 3136 Alterthumsw.”)
1284 3078 1314 3135 p.
1341 3060 1408 3120 123.

245 3262 298 3335 47,
315 3255 562 3318 masmana
589 3256 656 3314 sive
685 3257 769 3314 Deus
800 3255 961 3331 Soranus,
994 3256 1178 3314 nominatus
1206 3273 1224 3314 a
1252 3254 1332 3315 Sora
1354 3257 1409 3314 aut
1430 3272 1449 3314 a
1473 3255 1621 3332 Soracte,
1653 3263 1688 3317 ut

404 3381 463 3438 pro
497 3363 649 3423 Soracino
680 3362 737 3437 sit,
773 3363 859 3437 apud
887 3363 1003 3438 Vergil.
1035 3364 1111 3422 Aen.
1144 3363 1187 3420 XI
1218 3362 1275 3423 785
1306 3361 1359 3439 (cl.
1388 3365 1497 3421 annot.
1528 3364 1687 3441 Ladewig-

407 3469 569 3547 Deuticke)
592 3471 675 3529 idem
697 3487 734 3529 ac
754 3470 865 3545 Apollo
885 3473 949 3528 est:
972 3469 1243 3546 samme‘deam,
1267 3468 1382 3530 sancti
1403 3471 1517 3530 castos
1535 3469 1690 3532 Soractis

406 3576 543 3655 Apollo,
568 3577 651 3636 Olim
672 3580 778 3637 tamen
800 3579 832 3635 in
854 3578 914 3637 hoc
932 3583 1040 3637 monte
1061 3579 1241 3653 Veiovis,
1266 3578 1489 3638 sanctissimus
1507 3579 1587 3638 deus
1606 3581 1688 3638 vete·

406 3703 479 3744 rum
507 3685 679 3760 Italorum,
710 3685 887 3760 colebatur,
919 3686 974 3760 qui
1001 3687 1111 3761 postea
1141 3703 1160 3744 a
1189 3685 1342 3745 Romanis
1370 3702 1429 3761 par
1456 3688 1553 3760 atque
1577 3686 1689 3744 similis

405 3792 564 3851 iudicatus
594 3795 642 3850 est
674 3791 825 3867 Apollini,
859 3793 1011 3866 quoniam
1044 3795 1180 3867 uterque
1208 3792 1394 3868 sagittarius
1422 3796 1491 3851 erat
1518 3795 1549 3852 et
1576 3793 1689 3868 lupum

406 3899 551 3958 comitem
569 3899 716 3958 habebat.
742 3899 848 3958 Huius
867 3899 917 3958 dei
935 3898 1044 3974 templi
1063 3899 1221 3958 antistites
1239 3899 1334 3958 nudis
1354 3898 1489 3974 pedibus
1507 3899 1689 3959 in'fervidis

405 4005 501 4081 lignis
527 4006 734 4066 ambulabant
764 4009 819 4065 ant
844 4003 1050 4084 κατεχόμενοι
1071 4003 1134 4066 ὑπὸ
1155 4008 1219 4065 τοῦ.
1233 4003 1400 4084 δαίμονος,
1428 4008 1464 4065 ut
1488 4005 1604 4066 Strabo
1625 4007 1651 4065 V
1671 4007 1689 4065 2

407 4114 492 4188 vult,
526 4117 581 4172 aut
609 4114 838 4173 medicamento
865 4113 972 4187 aliquo
1000 4117 1165 4189 caventes,
1198 4131 1238 4173 ne
1265 4114 1467 4172 laederentur
1494 4112 1608 4189 pedeS,
1639 4091 1690 4173 cui

407 4219 548 4295 opinioni
577 4221 662 4279 iavet
692 4219 825 4279 Servius
853 4220 893 4278 ad
915 4220 991 4278 Aen.
1016 4220 1062 4289 l.l.
1088 4219 1246 4279 Omnibus
1268 4220 1404 4295 publicis
1425 4219 1577 4279 oneribus
1599 4237 1690 4280 vaca-

408 4326 485 4385 bant
516 4329 547 4386 et
578 4327 697 4403 „Hirpi
732 4325 871 4386 Sorani'’
901 4326 1152 4386 nominabantur
1183 4325 1318 4403 (Sabine
1345 4327 1429 4402 hirpi
1456 4353 1496 4375 =
1516 4324 1613 4402 lupi),
1647 4328 1687 4386 cl.

409 4434 500 4510 Verg.
524 4435 599 4493 Aen.
624 4432 778 4507 VI1696;
801 4433 972 4508 Wissowa,
997 4434 1064 4492 Rel.
1089 4435 1119 4492 et
1141 4433 1223 4493 cult.
1248 4435 1340 4493 Rom.
1365 4451 1436 4509 pag.
1462 4433 1534 4509 191,
1559 4434 1627 4493 241.

250 4633 303 4709 47,
323 4633 395 4693 105:
412 4629 623 4691 decantandi
644 4627 791 4707 anparii
811 4663 849 4670 -
871 4630 910 4688 el.
936 4631 968 4688 lI
990 4629 1047 4705 34,
1073 4630 1121 4689 71.

250 4833 450 4912 48,107:in
477 4835 594 4894 monte
620 4833 748 4894 Remus
776 4865 813 4874 -
842 4834 1031 4909 Vahlenius,
1064 4835 1105 4893 ad
1134 4835 1217 4894 Enn.
1249 4835 1288 4894 fr.
1314 4832 1434 4893 XLVII
1462 4851 1501 4894 ex
1527 4835 1690 4894 annalium

410 4942 491 5001 libro
514 4942 632 5017 primo,
656 4942 712 5001 ubi
733 4941 897 5000 lectionem
919 4941 1069 5000 traditam
1092 4941 1225 5017 recepit,
1249 4944 1382 5001 annotat
1396 4939 1435 5001 in
1450 4942 1581 5017 monte,
1606 4942 1691 5016 quod

411 5048 529 5108 habent
550 5049 622 5107 libri
643 5065 770 5122 omnes,
796 5047 956 5107 Ciceronis
977 5047 1074 5106 verba
1093 5065 1179 5124 esse,
1205 5049 1300 5107 Ennii
1312 5049 1487 5108 orationem
1499 5049 1689 5124 breviantis,

411 5174 494 5231 quae
508 5159 613 5214 tamen
629 5171 740 5213 vereor
754 5171 794 5212 ne
807 5154 952 5213 Tulliana
965 5155 1106 5213 latinitas
1120 5173 1184 5215 non
1198 5155 1247 5216 sit.
1273 5155 1427 5216 Miillerus
1439 5172 1534 5215 cruce
1548 5155 1692 5231 apposita
