4125 6300
969 722 1006 849 a

344 974 434 1053 parte
461 969 633 1036 artificiosa
662 988 773 1053 agere,
805 988 870 1035 non
898 972 976 1035 satis
1005 972 1099 1034 firma
1124 970 1193 1034 eius
1219 971 1453 1052 argumentatio
1474 974 1531 1035 est.
1566 969 1628 1036 seu

214 1123 218 1130 ·
343 1084 467 1143 etiamsi
489 1085 622 1159 valeret,
648 1101 712 1142 non
733 1086 833 1159 esset,
858 1101 916 1142 cur
937 1083 1021 1141 hanc
1042 1085 1164 1157 partem
1179 1084 1320 1158 potius-a
1337 1081 1381 1160 ἐξ
1397 1083 1515 1143 35-36
1531 1101 1626 1158 quam

344 1209 362 1248 a
386 1188 405 1267 ξ
429 1190 466 1249 16
487 1190 644 1266 incepisse
666 1190 849 1250 Ciceronem
871 1191 1069 1264 putaremus.

383 1295 476 1364 Quod
504 1298 610 1355 autem
635 1296 675 1355 ad
698 1298 846 1371 quartam
868 1295 1035 1354 divisionis
1059 1294 1268 1377 Schiehianae
1289 1299 1410 1370 partem
1434 1297 1561 1371 attinet,
1594 1298 1627 1355 in

346 1400 389 1479 ἐξ
415 1402 454 1461 84
476 1420 546 1478 sqq.
570 1403 709 1462 breviter
730 1404 961 1461 enumerantur
982 1418 1018 1461 ea
1040 1417 1123 1475 quae
1145 1402 1254 1462 Cicero
1275 1419 1312 1460 eo
1333 1420 1437 1476 usque
1459 1403 1624 1479 tractavit,

344 1509 399 1567 sed
427 1510 504 1568 haec
532 1526 608 1585 pars
636 1510 742 1584 potius
771 1509 907 1585 pertinet
934 1510 975 1567 ad
1003 1526 1040 1567 ea
1067 1525 1149 1582 quae
1170 1509 1379 1585 antecedunt,
1410 1526 1506 1583 quam
1529 1510 1627 1569 adea

344 1633 426 1690 quae
454 1619 644 1691 sequuntur.
676 1617 793 1675 Verum
823 1634 849 1675 c.
877 1616 916 1675 40
939 1614 958 1693 ξ
981 1614 1042 1675 8Ὶὸ
1064 1633 1167 1674 novae
1187 1616 1288 1691 partis
1309 1600 1434 1676 initium
1457 1617 1509 1692 fit,
1541 1618 1626 1691 quod

343 1740 436 1782 nemo
464 1723 608 1799 negabit,
640 1724 696 1782 sed
724 1741 789 1782 non
818 1725 919 1799 patet,
951 1740 1052 1798 quare
1082 1722 1250 1782 Schichius
1276 1722 1302 1781 ei
1325 1724 1408 1798 parti
1431 1725 1489 1782 soli
1511 1742 1626 1782 nomen

343 1828 645 1905 „confirmationis”
668 1830 865 1905 imposuerit.
892 1830 1052 1888 Divinatio
1073 1830 1157 1887 enim
1179 1829 1253 1888 alibi
1274 1847 1403 1904 quoque
1424 1831 1575 1905 exemplis
1591 1848 1627 1889 ae

343 1936 521 1994 rationibus
551 1936 733 1995 defenditur
764 1938 794 1994 et
821 1936 854 1993 in
883 1936 943 1995 hac
970 1938 1062 2010 parte
1090 1936 1134 1994 nil
1162 1936 1224 1994 nisi
1252 1936 1395 2011 exempla
1423 1954 1463 2009 ac,
1488 1938 1626 1996 rationes

343 2045 433 2117 sunt,
459 2060 516 2101 nee
537 2042 629 2101 video
650 2044 705 2117 qui
726 2044 816 2102 aliter
837 2043 907 2101 fieri
929 2043 1040 2119 possit.
1065 2043 1179 2117 Itaque
1200 2043 1259 2102 hoe
1282 2060 1396 2102 nomen
1419 2044 1459 2103 ab
1482 2045 1627 2103 hocloco

343 2149 481 2207 alienum
504 2150 638 2209 videtur.

385 2255 448 2316 Sed
468 2257 532 2316 iam
553 2258 700 2317 lectorem
722 2257 912 2316 benevolum
934 2256 974 2316 ad
996 2259 1099 2316 certas
1122 2274 1172 2316 res
1191 2258 1296 2333 potius
1316 2274 1412 2331 quam
1428 2258 1626 2317 coniecturas

343 2365 504 2422 attendere
527 2365 635 2423 velim:
662 2364 807 2424 conferre
827 2364 910 2423 inter
932 2382 966 2423 se
986 2364 1064 2422 utile
1084 2365 1143 2423 erit
1164 2365 1249 2423 locos
1271 2366 1353 2440 tres,
1378 2381 1479 2438 equa
1501 2382 1625 2440 compa·

343 2470 466 2529 ratione
486 2471 592 2530 statim
617 2470 800 2530 Schichium
821 2488 948 2529 errasse
968 2470 1097 2545 patebit.

385 2685 455 2764 §L
498 2690 595 2749 cetae
619 2686 741 2765 opinio
826 2687 916 2766 §aa
955 2686 1044 2767 qaid
1059 2687 1206 2767 estiqi-t
1268 2688 1358 2767 §aa
1397 2689 1622 2768 quirent...

343 2794 411 2852 eet.
427 2839 457 2853 ..
482 2793 614 2855 uersari
633 2812 741 2873 quan·
785 2797 842 2856 tar
865 2813 926 2856 car
947 2794 1183 2856 dubitandam
1227 2814 1326 2874 quem
1335 2800 1563 2858 nonmoceat.
1576 2844 1583 2857 .
1595 2844 1622 2857 ..

344 2899 427 2959 dam
461 2899 553 2961 inter
586 2900 743 2962 tornines
783 2900 831 2962 eit
842 2900 928 2980 quin
939 2901 1012 2963 sint
1022 2919 1077 2979 ea,
1096 2918 1185 2981 qaae
1227 2902 1448 2981 antiquitas?

343 3003 605 3067 divinationem.
785 3008 1181 3087 disputaricerisairna,

891 3116 1186 3194 si....seneper

784 3222 837 3284 ita
853 3226 1021 3301 putatam
1043 3225 1112 3285 est.
1129 3269 1135 3284 .
1151 3268 1182 3284 ..

384 3327 454 3406 §2
498 3331 633 3406 pentem
666 3329 741 3390 nat·
826 3330 910 3409 584.
935 3331 1104 3410 <quidest
1120 3329 1184 3408 ipi-

344 3433 415 3494 tarn
438 3432 557 3494 rideo.
574 3479 580 3494 .
597 3481 627 3494 ..
653 3453 743 3513 qaae
785 3440 842 3498 tar
867 3455 928 3498 ear
949 3437 1184 3498 dubitandam

342 3539 743 3619 noneipniticarifatara
783 3541 860 3618 sit>.
875 3589 882 3603 .
898 3589 929 3604 ..
953 3543 985 3604 si
991 3543 1134 3622 papati,
1154 3543 1186 3605 ai

343 3648 375 3707 et
387 3664 409 3706 a
421 3646 632 3725 quibasdam
644 3647 741 3710 intet·
783 3650 963 3712 notiones.
979 3697 986 3711 .
1004 3698 1011 3711 .
1026 3652 1184 3726 <mecam

344 3753 411 3832 tepi
422 3754 652 3834 praedicique
660 3774 741 3834 pos·
783 3757 947 3833 famant).

342 3877 377 3920 ae
406 3865 539 3923 censeat
561 3862 742 3941 principio

342 3966 569 4046 Assyrii...
598 3973 743 4048 propter

337 4073 531 4152 planitiam
567 4078 753 4162 rnapnitaq

343 4179 528 4260 diaetaque
541 4183 739 4263 reqionum,

343 4304 432 4364 qnae
452 4287 714 4352 incolebant...
731 4338 737 4352 .

344 4392 562 4458 traiectiones
613 4401 741 4459 motae·

343 4517 409 4577 qne
428 4502 608 4564 etettaram
631 4505 741 4567 obsa-
856 4523 858 4529 ·

341 4609 552 4688 citaverant,
615 4612 742 4690 quibas

341 4715 487 4793 notatis,
513 4716 601 4796 qnid
618 4718 742 4798 cuique
770 4799 775 4805 ¹

341 4821 615 4901 siqniticaretar,
675 4845 740 4887 me-

342 4928 476 4992 moriae
484 4931 741 5011 prodiderant:

343 5055 414 5115 qna
430 5037 469 5098 in
482 5037 626 5100 notione
643 5037 740 5101 onat-

342 5143 423 5207 daei
433 5191 534 5209 .....
570 5145 742 5210 diatarna

342 5252 579 5319 obseratione
587 5253 741 5320 eidanm
831 5245 845 5266 ⁶
