4125 6300
101 2057 121 2125 ,
212 2066 215 2072 ,

974 757 1013 827 49

353 948 474 1029 balem,
505 947 621 1013 Iunius
647 950 800 1030 procellae
821 953 853 1014 vi
874 954 959 1030 apud
982 954 1187 1033 Pachynum,
1218 951 1342 1017 Siciliae
1364 952 1633 1033 promunturium.

354 1061 394 1120 cf.
419 1060 483 1121 Cic.
506 1060 547 1120 de
566 1063 632 1121 nat.
656 1062 743 1121 decr.
769 1062 946 1136 113;Va1.
972 1064 1056 1122 Max.
1081 1063 1116 1138 4,
1141 1062 1173 1137 3;
1197 1063 1273 1122 Min.
1299 1064 1362 1123 Fel.
1389 1065 1416 1124 7.

355 1245 492 1324 Appius
513 1292 520 1307 .
545 1292 553 1307 .
579 1291 586 1306 .
610 1264 729 1309 οιτισον
754 1246 786 1309 C.
812 1246 952 1309 Acetum
972 1248 1168 1309 notavit-
1194 1250 1316 1325 Appius
1339 1251 1493 1311 Claudius
1514 1268 1633 1327 augur,

355 1355 516 1415 Ciceronis
543 1356 679 1432 collega,
709 1357 761 1415 ius
782 1356 972 1432 augurium,
1003 1356 1063 1415 etsi
1084 1356 1291 1416 divinationis
1312 1358 1461 1432 opinione
1481 1358 1637 1433 principio

354 1461 577 1537 constitutum,
594 1464 701 1539 tamen
716 1465 825 1537 postea
840 1462 1032 1538 reipublicae
1046 1479 1144 1523 causa
1159 1466 1384 1523 conservatum
1399 1482 1470 1523 esse
1484 1482 1521 1524 ac
1535 1467 1636 1524 reten-

355 1572 422 1627 tum
443 1569 637 1628 existimavit
660 1568 777 1646 (1135,
804 1568 855 1646 75)
878 1572 909 1629 ct
930 1570 1058 1645 scripsit
1079 1570 1178 1629 libros
1197 1572 1368 1647 augurales
1389 1569 1470 1647 (Cid.
1490 1572 1540 1630 ad.
1558 1572 1633 1630 lam.

355 1676 406 1734 III
434 1675 469 1751 4,
501 1674 533 1752 6)
540 1694 549 1750 3
579 1676 614 1736 C.
642 1676 751 1737 Ateius
779 1665 885 1736 autem
914 1676 1082 1735 resistebat
1111 1676 1219 1736 Crassi
1248 1678 1456 1752 expeditioni,
1486 1678 1526 1737 cl.
1552 1677 1634 1737 Plut.

355 1782 462 1843 Crass.
487 1800 513 1842 c.
539 1782 576 1842 16
603 1780 673 1842 ὁδ’
692 1780 812 1862 Ἀτήϊος
838 1779 1041 1860 προδραμὼν
1069 1780 1119 1842 ἐπὶ
1147 1780 1202 1862 τὴν
1226 1781 1328 1863 πύλην
1349 1782 1467 1863 έθηκεν
1487 1782 1636 1863 ἐσχαρίδα

355 1888 527 1967 καιομένην
542 1957 545 1963 ,
561 1886 615 1949 καὶ
652 1892 707 1949 τοῦ
744 1886 896 1967 Κράσσου
933 1887 1106 1968 γενομένου
1137 1888 1206 1949 κατ’
1245 1888 1343 1970 αὐτὴν
1373 1888 1554 1967 ἐπιθυμιῶν
1584 1888 1638 1951 καὶ

341 1993 582 2056 κατασπένδων
610 1993 690 2073 ἀρὰς
717 1995 856 2075 ἐπηρᾶτο
885 1993 988 2063 δεινὰς
1017 2040 1023 2055 .
1050 2040 1057 2055 .
1084 2003 1100 2055 .’
1123 1994 1176 2056 καὶ
1203 1994 1270 2057 τότε
1296 1992 1354 2057 οὖν
1381 1994 1563 2076 ἐμέμφοντο
1584 1994 1638 2057 τὸν

351 2100 487 2182 Ἀτήϊον,
515 2101 544 2163 εἶ
562 2100 602 2163 δι’
625 2102 665 2182 ἢν
685 2101 868 2183 ἐχαλέπαινε
888 2108 934 2182 τῴ
959 2099 1099 2181 Κράσσῳ
1120 2101 1225 2173 πόλιν,
1247 2102 1290 2170 εἰς
1311 2102 1409 2183 αὐτὴν
1430 2101 1511 2181 ἀρὰς
1532 2102 1638 2184 ἀφῆκε

355 2208 409 2270 καὶ
430 2208 673 2288 δεισιδαιμονίαν
694 2209 858 2290 τοσαύτην.
884 2212 941 2270 Dio
963 2210 1055 2271 Cass
1080 2211 1212 2273 XXXIX
1233 2211 1282 2271 39.

196 2397 251 2473 17,
276 2397 333 2457 ³1:
356 2394 439 2456 Atto
470 2394 583 2457 Νανίο
610 2430 649 2437 -
681 2398 721 2456 cl.
750 2396 813 2457 Cic.
842 2398 882 2456 de
913 2399 977 2457 nat.
1002 2398 1088 2457 deor.
1114 2396 1187 2456 113
1211 2394 1230 2474 5
1253 2396 1289 2472 9,
1323 2396 1379 2456 ubi
1400 2388 1500 2472 prave
1521 2397 1637 2456 Hostili

356 2504 498 2579 aequalis
529 2503 632 2563 luisse
660 2504 784 2563 Navius
814 2504 940 2564 dicitur.
975 2505 1038 2565 Cic.
1066 2505 1106 2563 de
1134 2520 1199 2580 rep.
1225 2504 1258 2562 II
1287 2504 1341 2579 20,
1378 2503 1508 2579 Dionys.
1533 2504 1634 2563 Halic.

356 2610 391 2669 Α.
415 2611 453 2670 R.
478 2609 530 2669 III
552 2610 603 2686 70,
629 2610 696 2669 Liv.
722 2610 797 2670 136
818 2611 911 2670 Navii
933 2611 1125 2670 mentionem
1144 2610 1278 2670 laciunt.

195 2808 251 2883 17,
276 2806 334 2867 33:
358 2797 454 2876 quod
473 2797 641 2876 amptum
662 2796 761 2875 apud
783 2800 814 2859 te
834 2800 883 2858 est
900 2831 938 2841 —
961 2799 1000 2858 ct.
1025 2799 1065 2857 de
1085 2801 1150 2858 nat.
1174 2798 1204 2857 d.
1230 2798 1263 2856 II
1285 2815 1311 2856 c.
1335 2799 1364 2856 4.

196 2994 251 3069 16,
277 2993 334 3053 94;
358 2984 459 3047 Bacca
487 2984 651 3046 Boeotius
672 2988 761 3045 vates
782 2985 891 3044 floruit
912 2985 994 3045 bello
1016 2986 1188 3045 Persarum
1210 2985 1334 3060 dequo
1357 2986 1475 3044 Herod.
1499 2986 1577 3043 VIII
1594 2986 1638 3073 26

359 3092 427 3171 (ubi
448 3094 512 3153 vid.
537 3096 645 3154 annot.
673 3092 798 3169 Steinii)
820 3095 851 3153 et
873 3094 1013 3153 Pausan.
1038 3093 1065 3152 X
1088 3092 1141 3169 14,
1166 3092 1194 3153 3.

196 3289 251 3365 18,
276 3288 333 3348 34:
357 3279 505 3359 Sibyla,
521 3279 718 3358 Erythraea
748 3297 864 3340 nomen
896 3280 983 3340 ducit
1014 3280 1055 3340 ab
1088 3281 1254 3356 Erythris,
1288 3280 1343 3339 ubi
1372 3281 1548 3355 colebatur;
1582 3281 1637 3340 sed

356 3389 534 3449 Pausanias
564 3387 605 3465 (X
628 3386 679 3464 12)
703 3404 802 3446 unam
824 3387 1022 3462 eandemque
1046 3386 1218 3463 Sibyllam,
1249 3387 1377 3447 nomine
1399 3388 1633 3465 Herophylam,

357 3495 486 3571 Delphis
506 3498 537 3554 et
557 3495 671 3554 Troiae
691 3494 810 3553 vixisse
827 3497 954 3570 narrat,
979 3494 1241 3570 Erythraeosque
1258 3495 1290 3552 in
1309 3495 1377 3553 suis
1395 3495 1516 3555 linibus
1531 3512 1637 3555 caver·

356 3618 447 3678 nam,
477 3600 534 3661 ubi
562 3600 746 3676 Herophyle
773 3602 848 3660 nata
877 3602 977 3675 essct,
1009 3601 1264 3660 monstrarem.
1291 3600 1408 3660 Strabo
1430 3600 1502 3661 XIV
1523 3620 1553 3677 p.
1579 3601 1636 3660 645

356 3709 448 3784 Cas,
473 3707 563 3767 XVII
584 3726 614 3783 p.
638 3707 706 3768 814.

196 3904 251 3980 18,
276 3903 333 3963 34;
357 3894 608 3956 divinationem
619 3895 709 3955 codd.
723 3894 874 3953 ABVHT.
894 3926 928 3935 —
944 3895 1020 3954 Iure
1031 3895 1243 3971 Hottingerus
1255 3892 1476 3954 divinitatem
1488 3895 1634 3954 restituit.

357 4003 466 4064 Cicero
492 4003 594 4078 enim,
628 4002 835 4061 Posidonium
864 4004 1011 4077 secutus,
1046 4002 1242 4061 somniantes
1271 4002 1444 4061 diviniores
1472 4018 1543 4062 esse
1570 4001 1638 4062 sive

355 4111 428 4186 plus
445 4109 620 4171 divinitatis
639 4110 756 4170 habere
775 4110 843 4168 vult
860 4126 958 4184 quam
976 4109 1175 4169 somniorum
1190 4109 1395 4184 interpretes,
1419 4109 1528 4168 eodem
1543 4110 1638 4168 modo

355 4221 451 4292 atquc
471 4217 615 4277 animum
636 4216 733 4291 paulo
753 4219 827 4276 ante
848 4218 982 4275 mortem
1004 4214 1194 4274 diviniorem
1216 4232 1286 4274 esse
1307 4215 1515 4290 corporisque
1531 4219 1637 4275 conta·

355 4323 449 4400 gione
474 4323 643 4384 liberatum
671 4321 746 4382 dicit
775 4320 810 4400 (ᾗ
833 4320 897 4399 69).
932 4322 1118 4382 Tenendum
1147 4325 1195 4382 est
1223 4323 1411 4397 interpretes
1440 4323 1637 4381 somniorum

355 4430 497 4507 corporis
518 4430 655 4490 vinculis
675 4430 836 4505 impediri,
866 4447 906 4489 ne
927 4430 1037 4489 futura
1059 4433 1124 4490 tam
1146 4430 1226 4489 bene
1247 4432 1380 4489 cernant
1401 4446 1498 4505 quam
1521 4431 1637 4489 somni·

355 4539 446 4597 antes
469 4536 522 4614 (ci.
549 4535 568 4615 ᾗ
592 4535 675 4611 114).

196 4733 253 4809 18,
277 4732 333 4792 36:
356 4724 396 4783 ut
421 4720 453 4783 0.
482 4721 655 4784 Gracchus
675 4720 844 4798 scriptum
864 4722 1058 4800 relc'quit-
1081 4739 1195 4797 nempe
1214 4723 1247 4780 in
1270 4722 1407 4797 epistula
1428 4722 1468 4781 ad
1490 4722 1531 4780 M.
1547 4722 1637 4780 Pom·

356 4830 488 4905 ponium
509 4830 549 4890 ci.
573 4829 684 4905 1129,
709 4827 757 4889 62.

197 5028 252 5103 19,
276 5025 333 5087 36:
357 5020 570 5100 Babylonem
599 5023 631 5082 ct
659 5038 716 5082 eos
736 5053 776 5063 —
803 5023 913 5096 Neque
934 5022 967 5081 et
987 5022 1158 5080 delendum
1179 5024 1227 5080 est
1250 5038 1353 5097 neque
1373 5021 1542 5097 legendum
1564 5038 1637 5080 cum

356 5130 546 5207 Hottingero
568 5128 782 5207 Babylonios
803 5145 860 5188 eos
881 5127 961 5206 ανδ·
982 5146 1047 5187 non
1069 5129 1152 5186 enim
1175 5127 1343 5203 Babylonii
1365 5127 1500 5187 Caucasi
1518 5127 1639 5187 incolae

357 5242 452 5314 sunt,
490 5254 594 5314 neque
628 5239 676 5296 est
712 5253 770 5297 cur
801 5235 943 5296 Ciceroni
974 5251 1116 5295 errorem
1147 5235 1395 5311 geographicum
1426 5235 1636 5311 Imputemus;

1515 5332 1532 5386 4
