<?xml version="1.0" encoding="UTF-8"?>
<!DOCTYPE html PUBLIC "-//W3C//DTD XHTML 1.0 Transitional//EN"
    "http://www.w3.org/TR/xhtml1/DTD/xhtml1-transitional.dtd">
<html xmlns="http://www.w3.org/1999/xhtml" xml:lang="en" lang="en">
 <head>
  <title>
</title>
<meta http-equiv="Content-Type" content="text/html;charset=utf-8" />
  <meta name='ocr-system' content='tesseract 3.04.00' />
  <meta name='ocr-capabilities' content='ocr_page ocr_carea ocr_par ocr_line ocrx_word'/>
</head>
<body>
  <div class='ocr_page' id='page_1' title='image "./quaestionesadci00heergoog_0064.png"; bbox 0 0 4125 6300; ppageno 0'>
   <div class='ocr_carea' id='block_1_1' title="bbox 555 1329 822 1404">
    <p class='ocr_par' dir='ltr' id='par_1_1' title="bbox 555 1329 822 1404">
     <span class='ocr_line' id='line_1_1' title="bbox 555 1329 822 1404; baseline 0.019 -18"><span class='ocrx_word' id='word_1_1' title='bbox 555 1329 663 1404; x_wconf 83' lang='lat'>20,</span> <span class='ocrx_word' id='word_1_2' title='bbox 712 1331 822 1391; x_wconf 87' lang='lat'>39:</span> 
     </span>
    </p>
   </div>
   <div class='ocr_carea' id='block_1_2' title="bbox 550 1725 819 1801">
    <p class='ocr_par' dir='ltr' id='par_1_2' title="bbox 550 1725 819 1801">
     <span class='ocr_line' id='line_1_2' title="bbox 550 1725 819 1801; baseline 0.019 -19"><span class='ocrx_word' id='word_1_3' title='bbox 550 1725 658 1801; x_wconf 82' lang='lat'>20,</span> <span class='ocrx_word' id='word_1_4' title='bbox 706 1729 819 1787; x_wconf 88' lang='lat'>40:</span> 
     </span>
    </p>
   </div>
   <div class='ocr_carea' id='block_1_3' title="bbox 536 2434 813 2512">
    <p class='ocr_par' dir='ltr' id='par_1_3' title="bbox 536 2434 813 2512">
     <span class='ocr_line' id='line_1_3' title="bbox 536 2434 813 2512; baseline 0.018 -12"><span class='ocrx_word' id='word_1_5' title='bbox 536 2434 646 2512; x_wconf 84' lang='lat'>21,</span> <span class='ocrx_word' id='word_1_6' title='bbox 695 2443 813 2505; x_wconf 85' lang='lat'>42:</span> 
     </span>
    </p>
   </div>
   <div class='ocr_carea' id='block_1_4' title="bbox 531 2832 819 2913">
    <p class='ocr_par' dir='ltr' id='par_1_4' title="bbox 531 2832 819 2913">
     <span class='ocr_line' id='line_1_4' title="bbox 531 2832 819 2913; baseline 0.028 -10"><span class='ocrx_word' id='word_1_7' title='bbox 531 2832 648 2913; x_wconf 85' lang='lat'>21,</span> <span class='ocrx_word' id='word_1_8' title='bbox 700 2845 819 2911; x_wconf 85' lang='lat'>42:</span> 
     </span>
    </p>
   </div>
   <div class='ocr_carea' id='block_1_5' title="bbox 2114 743 2190 812">
    <p class='ocr_par' dir='ltr' id='par_1_5' title="bbox 2114 743 2190 812">
     <span class='ocr_line' id='line_1_5' title="bbox 2114 743 2190 812; baseline -0.013 0"><span class='ocrx_word' id='word_1_9' title='bbox 2114 743 2190 812; x_wconf 85' lang='lat'>50</span> 
     </span>
    </p>
   </div>
   <div class='ocr_carea' id='block_1_6' title="bbox 873 930 3435 1016">
    <p class='ocr_par' dir='ltr' id='par_1_6' title="bbox 873 930 3435 1016">
     <span class='ocr_line' id='line_1_6' title="bbox 873 930 3435 1016; baseline 0.003 -26"><span class='ocrx_word' id='word_1_10' title='bbox 873 933 1195 1006; x_wconf 81' lang='lat' dir='ltr'>praeterea</span> <span class='ocrx_word' id='word_1_11' title='bbox 1240 930 1573 1012; x_wconf 87' lang='lat' dir='ltr'>Babylonii</span> <span class='ocrx_word' id='word_1_12' title='bbox 1615 936 1678 996; x_wconf 91' lang='lat' dir='ltr'>in</span> <span class='ocrx_word' id='word_1_13' title='bbox 1724 938 1926 1014; x_wconf 86' lang='lat' dir='ltr'>capite</span> <span class='ocrx_word' id='word_1_14' title='bbox 1968 938 2045 999; x_wconf 85' lang='lat'>42</span> <span class='ocrx_word' id='word_1_15' title='bbox 2088 938 2380 1000; x_wconf 88' lang='lat' dir='ltr'>divinare</span> <span class='ocrx_word' id='word_1_16' title='bbox 2421 938 2756 1016; x_wconf 90' lang='lat' dir='ltr'>dicuntur,</span> <span class='ocrx_word' id='word_1_17' title='bbox 2807 955 3010 1015; x_wconf 88' lang='lat' dir='ltr'>quare</span> <span class='ocrx_word' id='word_1_18' title='bbox 3053 938 3435 1000; x_wconf 88' lang='lat' dir='ltr'>vocabulum</span> 
     </span>
    </p>
   </div>
   <div class='ocr_carea' id='block_1_7' title="bbox 873 1035 3435 1207">
    <p class='ocr_par' dir='ltr' id='par_1_7' title="bbox 873 1035 3435 1207">
     <span class='ocr_line' id='line_1_7' title="bbox 874 1035 3435 1121; baseline 0.004 -25"><span class='ocrx_word' id='word_1_19' title='bbox 874 1035 1250 1116; x_wconf 76' lang='lat' dir='ltr'>Babylonis</span> <span class='ocrx_word' id='word_1_20' title='bbox 1290 1060 1417 1101; x_wconf 92' lang='lat' dir='ltr'>non</span> <span class='ocrx_word' id='word_1_21' title='bbox 1460 1044 1543 1103; x_wconf 94' lang='lat' dir='ltr'>ab</span> <span class='ocrx_word' id='word_1_22' title='bbox 1584 1045 1702 1104; x_wconf 91' lang='lat' dir='ltr'>hoc</span> <span class='ocrx_word' id='word_1_23' title='bbox 1742 1046 1878 1105; x_wconf 94' lang='lat' dir='ltr'>loco</span> <span class='ocrx_word' id='word_1_24' title='bbox 1913 1047 2190 1105; x_wconf 92' lang='lat' dir='ltr'>alienum</span> <span class='ocrx_word' id='word_1_25' title='bbox 2228 1050 2324 1105; x_wconf 91' lang='lat' dir='ltr'>est</span> <span class='ocrx_word' id='word_1_26' title='bbox 2361 1064 2569 1121; x_wconf 89' lang='lat' dir='ltr'>neque</span> <span class='ocrx_word' id='word_1_27' title='bbox 2605 1048 2947 1107; x_wconf 91' lang='lat' dir='ltr'>delendum</span> <span class='ocrx_word' id='word_1_28' title='bbox 2980 1066 3123 1107; x_wconf 93' lang='lat' dir='ltr'>cum</span> <span class='ocrx_word' id='word_1_29' title='bbox 3157 1047 3435 1108; x_wconf 89' lang='lat' dir='ltr'>Christio</span> 
     </span>
     <span class='ocr_line' id='line_1_8' title="bbox 873 1146 1243 1207; baseline 0.011 -4"><span class='ocrx_word' id='word_1_30' title='bbox 873 1148 932 1203; x_wconf 92' lang='lat' dir='ltr'>et</span> <span class='ocrx_word' id='word_1_31' title='bbox 975 1146 1243 1207; x_wconf 78' lang='lat' dir='ltr'><strong>Baitero,</strong></span> 
     </span>
    </p>
   </div>
   <div class='ocr_carea' id='block_1_8' title="bbox 868 1332 3435 1642">
    <p class='ocr_par' dir='ltr' id='par_1_8' title="bbox 868 1332 3435 1642">
     <span class='ocr_line' id='line_1_9' title="bbox 876 1332 3426 1420; baseline 0.003 -27"><span class='ocrx_word' id='word_1_32' title='bbox 876 1332 1199 1397; x_wconf 80' lang='lat' dir='ltr'><em>Galeotae</em></span> <span class='ocrx_word' id='word_1_33' title='bbox 1240 1342 1391 1397; x_wconf 92' lang='lat' dir='ltr'>sunt</span> <span class='ocrx_word' id='word_1_34' title='bbox 1431 1340 1669 1399; x_wconf 87' lang='lat' dir='ltr'>familia</span> <span class='ocrx_word' id='word_1_35' title='bbox 1713 1359 1826 1399; x_wconf 91' lang='lat' dir='ltr'>seu</span> <span class='ocrx_word' id='word_1_36' title='bbox 1870 1360 2030 1417; x_wconf 90' lang='lat' dir='ltr'>gens</span> <span class='ocrx_word' id='word_1_37' title='bbox 2077 1347 2296 1402; x_wconf 89' lang='lat' dir='ltr'>vatum</span> <span class='ocrx_word' id='word_1_38' title='bbox 2339 1344 2404 1402; x_wconf 91' lang='lat' dir='ltr'>in</span> <span class='ocrx_word' id='word_1_39' title='bbox 2454 1343 2664 1402; x_wconf 85' lang='lat' dir='ltr'>Sicilia</span> <span class='ocrx_word' id='word_1_40' title='bbox 2713 1342 2818 1420; x_wconf 81' lang='lat' dir='ltr'>(cf.</span> <span class='ocrx_word' id='word_1_41' title='bbox 2857 1343 3095 1402; x_wconf 89' lang='lat' dir='ltr'>Aelian.</span> <span class='ocrx_word' id='word_1_42' title='bbox 3133 1343 3257 1401; x_wconf 94' lang='lat' dir='ltr'>XlI</span> <span class='ocrx_word' id='word_1_43' title='bbox 3288 1341 3426 1417; x_wconf 88' lang='grc'>46),</span> 
     </span>
     <span class='ocr_line' id='line_1_10' title="bbox 868 1442 3435 1526; baseline 0.004 -29"><span class='ocrx_word' id='word_1_44' title='bbox 868 1442 978 1513; x_wconf 90' lang='lat' dir='ltr'>qui</span> <span class='ocrx_word' id='word_1_45' title='bbox 1031 1446 1400 1516; x_wconf 90' lang='lat' dir='ltr'>praesertim</span> <span class='ocrx_word' id='word_1_46' title='bbox 1458 1446 1709 1522; x_wconf 85' lang='lat' dir='ltr'>Hyblae</span> <span class='ocrx_word' id='word_1_47' title='bbox 1753 1449 2210 1525; x_wconf 83' lang='lat' dir='ltr'><strong>versabantur,</strong></span> <span class='ocrx_word' id='word_1_48' title='bbox 2273 1467 2440 1524; x_wconf 92' lang='lat' dir='ltr'>quae</span> <span class='ocrx_word' id='word_1_49' title='bbox 2481 1450 2630 1508; x_wconf 93' lang='lat' dir='ltr'>inde</span> <span class='ocrx_word' id='word_1_50' title='bbox 2674 1447 2970 1526; x_wconf 82' lang='grc' dir='ltr'><em>γαλεῶτις</em></span> <span class='ocrx_word' id='word_1_51' title='bbox 3014 1450 3110 1509; x_wconf 86' lang='lat' dir='ltr'>vel</span> <span class='ocrx_word' id='word_1_52' title='bbox 3157 1447 3435 1526; x_wconf 83' lang='grc' dir='ltr'><em>γαλεᾶτις</em></span> 
     </span>
     <span class='ocr_line' id='line_1_11' title="bbox 869 1546 2434 1642; baseline 0.007 -39"><span class='ocrx_word' id='word_1_53' title='bbox 869 1546 1232 1607; x_wconf 85' lang='lat' dir='ltr'>vocabatur.</span> <span class='ocrx_word' id='word_1_54' title='bbox 1282 1551 1360 1609; x_wconf 87' lang='lat' dir='ltr'>cf.</span> <span class='ocrx_word' id='word_1_55' title='bbox 1410 1551 1626 1642; x_wconf 86' lang='lat' dir='ltr'>Thuc.</span> <span class='ocrx_word' id='word_1_56' title='bbox 1658 1553 1744 1611; x_wconf 90' lang='lat' dir='ltr'>VI</span> <span class='ocrx_word' id='word_1_57' title='bbox 1789 1552 1864 1612; x_wconf 85' lang='lat'>62</span> <span class='ocrx_word' id='word_1_58' title='bbox 1908 1558 1970 1613; x_wconf 90' lang='lat' dir='ltr'>et</span> <span class='ocrx_word' id='word_1_59' title='bbox 2013 1556 2240 1631; x_wconf 88' lang='lat' dir='ltr'>Paully</span> <span class='ocrx_word' id='word_1_60' title='bbox 2286 1574 2336 1614; x_wconf 75' lang='lat' dir='ltr'>s,</span> <span class='ocrx_word' id='word_1_61' title='bbox 2374 1574 2434 1614; x_wconf 85' lang='lat' dir='ltr'>v.</span> 
     </span>
    </p>
   </div>
   <div class='ocr_carea' id='block_1_9' title="bbox 862 1733 3433 2365">
    <p class='ocr_par' dir='ltr' id='par_1_9' title="bbox 862 1733 3433 2365">
     <span class='ocr_line' id='line_1_12' title="bbox 866 1733 3433 1817; baseline 0.005 -29"><span class='ocrx_word' id='word_1_62' title='bbox 866 1746 1043 1790; x_wconf 83' lang='lat' dir='ltr'>anus</span> <span class='ocrx_word' id='word_1_63' title='bbox 1099 1776 1113 1790; x_wconf 93' lang='lat'><strong>.</strong></span> <span class='ocrx_word' id='word_1_64' title='bbox 1165 1778 1179 1791; x_wconf 94' lang='lat'><strong>.</strong></span> <span class='ocrx_word' id='word_1_65' title='bbox 1231 1778 1244 1792; x_wconf 91' lang='lat'><strong>.</strong></span> <span class='ocrx_word' id='word_1_66' title='bbox 1308 1733 1669 1813; x_wconf 77' lang='lat' dir='ltr'>Eurydica</span> <span class='ocrx_word' id='word_1_67' title='bbox 1710 1742 2080 1817; x_wconf 73' lang='lat' dir='ltr'>proynata</span> <span class='ocrx_word' id='word_1_68' title='bbox 2137 1786 2150 1799; x_wconf 99' lang='lat'><strong>.</strong></span> <span class='ocrx_word' id='word_1_69' title='bbox 2203 1786 2217 1800; x_wconf 94' lang='lat'><strong>.</strong></span> <span class='ocrx_word' id='word_1_70' title='bbox 2269 1786 2284 1800; x_wconf 90' lang='lat'><strong>.</strong></span> <span class='ocrx_word' id='word_1_71' title='bbox 2347 1745 2461 1801; x_wconf 90' lang='lat' dir='ltr'>cet.</span> <span class='ocrx_word' id='word_1_72' title='bbox 2510 1773 2589 1783; x_wconf 92' lang='lat'>—</span> <span class='ocrx_word' id='word_1_73' title='bbox 2648 1742 2900 1800; x_wconf 86' lang='lat' dir='ltr'>Ennius</span> <span class='ocrx_word' id='word_1_74' title='bbox 2957 1742 3113 1802; x_wconf 90' lang='lat' dir='ltr'>haec</span> <span class='ocrx_word' id='word_1_75' title='bbox 3160 1742 3227 1800; x_wconf 91' lang='lat' dir='ltr'>in</span> <span class='ocrx_word' id='word_1_76' title='bbox 3269 1740 3433 1800; x_wconf 92' lang='lat' dir='ltr'>libro</span> 
     </span>
     <span class='ocr_line' id='line_1_13' title="bbox 864 1836 3425 1923; baseline 0.005 -31"><span class='ocrx_word' id='word_1_77' title='bbox 864 1836 1068 1909; x_wconf 90' lang='lat' dir='ltr'>primo</span> <span class='ocrx_word' id='word_1_78' title='bbox 1122 1841 1449 1900; x_wconf 88' lang='lat' dir='ltr'>annalium</span> <span class='ocrx_word' id='word_1_79' title='bbox 1491 1843 1681 1920; x_wconf 83' lang='lat' dir='ltr'>dixit,</span> <span class='ocrx_word' id='word_1_80' title='bbox 1744 1846 1822 1905; x_wconf 77' lang='lat' dir='ltr'>ci.</span> <span class='ocrx_word' id='word_1_81' title='bbox 1874 1847 2286 1923; x_wconf 88' lang='lat' dir='ltr'>Vahlenium,</span> <span class='ocrx_word' id='word_1_82' title='bbox 2352 1848 2686 1907; x_wconf 85' lang='lat' dir='ltr'>Ennianae</span> <span class='ocrx_word' id='word_1_83' title='bbox 2727 1848 2938 1922; x_wconf 90' lang='lat' dir='ltr'>poesis</span> <span class='ocrx_word' id='word_1_84' title='bbox 2983 1848 3159 1922; x_wconf 85' lang='lat' dir='ltr'>reliq.</span> <span class='ocrx_word' id='word_1_85' title='bbox 3184 1893 3199 1923; x_wconf 93' lang='lat'>,</span> <span class='ocrx_word' id='word_1_86' title='bbox 3263 1848 3425 1907; x_wconf 89' lang='lat' dir='ltr'>Ann.</span> 
     </span>
     <span class='ocr_line' id='line_1_14' title="bbox 865 1940 3431 2029; baseline 0.006 -32"><span class='ocrx_word' id='word_1_87' title='bbox 865 1940 895 1997; x_wconf 96' lang='lat' dir='ltr'>I</span> <span class='ocrx_word' id='word_1_88' title='bbox 949 1959 1078 2000; x_wconf 79' lang='lat' dir='ltr'>vss,</span> <span class='ocrx_word' id='word_1_89' title='bbox 1127 1943 1204 2004; x_wconf 87' lang='lat'>35</span> <span class='ocrx_word' id='word_1_90' title='bbox 1261 1964 1401 2022; x_wconf 86' lang='lat' dir='ltr'><strong>sqq.</strong></span> <span class='ocrx_word' id='word_1_91' title='bbox 1459 1949 1639 2008; x_wconf 91' lang='lat' dir='ltr'>Anus</span> <span class='ocrx_word' id='word_1_92' title='bbox 1696 1955 1916 2011; x_wconf 90' lang='lat' dir='ltr'>utrum</span> <span class='ocrx_word' id='word_1_93' title='bbox 1960 1955 2181 2013; x_wconf 91' lang='lat' dir='ltr'>nutrix</span> <span class='ocrx_word' id='word_1_94' title='bbox 2225 1956 2306 2013; x_wconf 92' lang='lat' dir='ltr'>sit</span> <span class='ocrx_word' id='word_1_95' title='bbox 2349 1973 2430 2014; x_wconf 94' lang='lat' dir='ltr'>an</span> <span class='ocrx_word' id='word_1_96' title='bbox 2475 1955 2746 2014; x_wconf 83' lang='lat' dir='ltr'>Vestalis</span> <span class='ocrx_word' id='word_1_97' title='bbox 2789 1956 3099 2029; x_wconf 89' lang='lat' dir='ltr'>maxima,</span> <span class='ocrx_word' id='word_1_98' title='bbox 3162 1954 3431 2013; x_wconf 90' lang='lat' dir='ltr'>dubium</span> 
     </span>
     <span class='ocr_line' id='line_1_15' title="bbox 864 2048 3432 2137; baseline 0.005 -32"><span class='ocrx_word' id='word_1_99' title='bbox 864 2048 1119 2121; x_wconf 90' lang='lat' dir='ltr'>quidem</span> <span class='ocrx_word' id='word_1_100' title='bbox 1175 2057 1303 2129; x_wconf 90' lang='lat' dir='ltr'>est,</span> <span class='ocrx_word' id='word_1_101' title='bbox 1366 2072 1573 2131; x_wconf 90' lang='lat' dir='ltr'>neque</span> <span class='ocrx_word' id='word_1_102' title='bbox 1614 2062 1864 2119; x_wconf 90' lang='lat' dir='ltr'>constat</span> <span class='ocrx_word' id='word_1_103' title='bbox 1906 2078 2072 2136; x_wconf 90' lang='lat' dir='ltr'>quae</span> <span class='ocrx_word' id='word_1_104' title='bbox 2116 2061 2436 2137; x_wconf 85' lang='lat' dir='ltr'>Eurydice</span> <span class='ocrx_word' id='word_1_105' title='bbox 2479 2062 2578 2119; x_wconf 90' lang='lat' dir='ltr'>sit.</span> <span class='ocrx_word' id='word_1_106' title='bbox 2648 2061 2774 2121; x_wconf 90' lang='lat' dir='ltr'>Sed</span> <span class='ocrx_word' id='word_1_107' title='bbox 2817 2079 2964 2120; x_wconf 90' lang='lat' dir='ltr'>cum</span> <span class='ocrx_word' id='word_1_108' title='bbox 3006 2062 3145 2137; x_wconf 92' lang='lat' dir='ltr'>ipse</span> <span class='ocrx_word' id='word_1_109' title='bbox 3186 2062 3432 2120; x_wconf 89' lang='lat' dir='ltr'>Tullius</span> 
     </span>
     <span class='ocr_line' id='line_1_16' title="bbox 862 2154 3424 2244; baseline 0.006 -33"><span class='ocrx_word' id='word_1_110' title='bbox 862 2154 1029 2213; x_wconf 93' lang='lat' dir='ltr'>dicat</span> <span class='ocrx_word' id='word_1_111' title='bbox 1084 2154 1371 2223; x_wconf 76' lang='lat' dir='ltr'>Vestalis</span> <span class='ocrx_word' id='word_1_112' title='bbox 1412 2160 1542 2223; x_wconf 83' lang='lat' dir='ltr'>illa</span> <span class='ocrx_word' id='word_1_113' title='bbox 1583 2165 1935 2241; x_wconf 92' lang='lat' dir='ltr'>simplicius</span> <span class='ocrx_word' id='word_1_114' title='bbox 1977 2168 2247 2244; x_wconf 83' lang='lat' dir='ltr'>accipies</span> <span class='ocrx_word' id='word_1_115' title='bbox 2283 2186 2480 2227; x_wconf 89' lang='lat' dir='ltr'>anum</span> <span class='ocrx_word' id='word_1_116' title='bbox 2517 2185 2660 2228; x_wconf 91' lang='lat' dir='ltr'>esse</span> <span class='ocrx_word' id='word_1_117' title='bbox 2694 2168 3006 2227; x_wconf 86' lang='lat' dir='ltr'>Vestalem</span> <span class='ocrx_word' id='word_1_118' title='bbox 3045 2169 3424 2243; x_wconf 89' lang='lat' dir='ltr'>maximum,</span> 
     </span>
     <span class='ocr_line' id='line_1_17' title="bbox 862 2259 2607 2365; baseline 0.009 -47"><span class='ocrx_word' id='word_1_119' title='bbox 862 2259 941 2319; x_wconf 95' lang='lat' dir='ltr'>de</span> <span class='ocrx_word' id='word_1_120' title='bbox 982 2279 1108 2336; x_wconf 90' lang='lat' dir='ltr'>qua</span> <span class='ocrx_word' id='word_1_121' title='bbox 1150 2266 1281 2365; x_wconf 68' lang='lat' dir='ltr'>⁴vid.</span> <span class='ocrx_word' id='word_1_122' title='bbox 1336 2270 1509 2330; x_wconf 91' lang='lat' dir='ltr'>Suet.</span> <span class='ocrx_word' id='word_1_123' title='bbox 1561 2272 1739 2332; x_wconf 88' lang='lat' dir='ltr'>Caes.</span> <span class='ocrx_word' id='word_1_124' title='bbox 1791 2292 1927 2350; x_wconf 91' lang='lat' dir='ltr'>cap.</span> <span class='ocrx_word' id='word_1_125' title='bbox 1976 2275 2053 2334; x_wconf 88' lang='lat'>83</span> <span class='ocrx_word' id='word_1_126' title='bbox 2098 2293 2158 2350; x_wconf 89' lang='lat' dir='ltr'>p.</span> <span class='ocrx_word' id='word_1_127' title='bbox 2208 2275 2285 2333; x_wconf 86' lang='lat'>42</span> <span class='ocrx_word' id='word_1_128' title='bbox 2330 2275 2607 2333; x_wconf 91' lang='lat' dir='ltr'>Preudh.</span> 
     </span>
    </p>
   </div>
   <div class='ocr_carea' id='block_1_10' title="bbox 863 2452 3433 2751">
    <p class='ocr_par' dir='ltr' id='par_1_10' title="bbox 863 2452 3433 2751">
     <span class='ocr_line' id='line_1_18' title="bbox 863 2452 3433 2536; baseline 0.005 -28"><span class='ocrx_word' id='word_1_129' title='bbox 863 2452 1086 2511; x_wconf 92' lang='lat' dir='ltr'>mater</span> <span class='ocrx_word' id='word_1_130' title='bbox 1117 2455 1420 2530; x_wconf 73' lang='lat' dir='ltr'>yravida</span> <span class='ocrx_word' id='word_1_131' title='bbox 1454 2463 1566 2519; x_wconf 93' lang='lat' dir='ltr'>cet.</span> <span class='ocrx_word' id='word_1_132' title='bbox 1597 2493 1673 2501; x_wconf 96' lang='lat'><strong>—</strong></span> <span class='ocrx_word' id='word_1_133' title='bbox 1710 2479 1992 2536; x_wconf 92' lang='lat' dir='ltr'>„versus</span> <span class='ocrx_word' id='word_1_134' title='bbox 2026 2462 2327 2521; x_wconf 86' lang='lat' dir='ltr'>videntur</span> <span class='ocrx_word' id='word_1_135' title='bbox 2357 2480 2434 2521; x_wconf 93' lang='lat' dir='ltr'>ex</span> <span class='ocrx_word' id='word_1_136' title='bbox 2458 2462 2799 2521; x_wconf 85' lang='lat' dir='ltr'>Alexandri</span> <span class='ocrx_word' id='word_1_137' title='bbox 2824 2463 3159 2521; x_wconf 85' lang='lat' dir='ltr'>Ennianae</span> <span class='ocrx_word' id='word_1_138' title='bbox 3178 2462 3433 2521; x_wconf 81' lang='lat' dir='ltr'>fabulae</span> 
     </span>
     <span class='ocr_line' id='line_1_19' title="bbox 863 2559 3423 2647; baseline 0.004 -31"><span class='ocrx_word' id='word_1_139' title='bbox 863 2559 1128 2635; x_wconf 87' lang='lat' dir='ltr'>prologo</span> <span class='ocrx_word' id='word_1_140' title='bbox 1184 2567 1425 2641; x_wconf 90' lang='lat' dir='ltr'>sumpti</span> <span class='ocrx_word' id='word_1_141' title='bbox 1480 2566 1709 2642; x_wconf 91' lang='lat' dir='ltr'>esse,”</span> <span class='ocrx_word' id='word_1_142' title='bbox 1770 2570 1858 2647; x_wconf 60' lang='lat' dir='ltr'>cf.³</span> <span class='ocrx_word' id='word_1_143' title='bbox 1909 2568 2326 2628; x_wconf 91' lang='lat' dir='ltr'>Ribbeckium</span> <span class='ocrx_word' id='word_1_144' title='bbox 2380 2573 2544 2644; x_wconf 89' lang='lat' dir='ltr'>trag.</span> <span class='ocrx_word' id='word_1_145' title='bbox 2603 2570 2681 2627; x_wconf 79' lang='lat' dir='ltr'>ir.</span> <span class='ocrx_word' id='word_1_146' title='bbox 2740 2569 2837 2627; x_wconf 91' lang='lat' dir='ltr'>ed.</span> <span class='ocrx_word' id='word_1_147' title='bbox 2888 2568 2954 2628; x_wconf 96' lang='lat' dir='ltr'>II</span> <span class='ocrx_word' id='word_1_148' title='bbox 3012 2587 3073 2644; x_wconf 88' lang='lat' dir='ltr'>p.</span> <span class='ocrx_word' id='word_1_149' title='bbox 3123 2569 3241 2628; x_wconf 84' lang='lat'>236</span> <span class='ocrx_word' id='word_1_150' title='bbox 3300 2568 3423 2646; x_wconf 93' lang='lat' dir='ltr'>(ed.</span> 
     </span>
     <span class='ocr_line' id='line_1_20' title="bbox 863 2666 3157 2751; baseline 0.003 -27"><span class='ocrx_word' id='word_1_151' title='bbox 863 2666 1074 2726; x_wconf 89' lang='lat' dir='ltr'>minor</span> <span class='ocrx_word' id='word_1_152' title='bbox 1117 2686 1178 2743; x_wconf 90' lang='lat' dir='ltr'>p.</span> <span class='ocrx_word' id='word_1_153' title='bbox 1228 2671 1397 2751; x_wconf 86' lang='lat'><strong>273).</strong></span> <span class='ocrx_word' id='word_1_154' title='bbox 3149 2673 3157 2684; x_wconf 93' lang='grc'><em>“</em></span> 
     </span>
    </p>
   </div>
   <div class='ocr_carea' id='block_1_11' title="bbox 868 2860 3432 3348">
    <p class='ocr_par' dir='ltr' id='par_1_11' title="bbox 868 2860 3432 3348">
     <span class='ocr_line' id='line_1_21' title="bbox 871 2860 3431 2937; baseline 0.003 -23"><span class='ocrx_word' id='word_1_155' title='bbox 871 2869 1009 2931; x_wconf 81' lang='lat' dir='ltr'>quo</span> <span class='ocrx_word' id='word_1_156' title='bbox 1051 2873 1192 2917; x_wconf 89' lang='lat' dir='ltr'>sese</span> <span class='ocrx_word' id='word_1_157' title='bbox 1230 2862 1502 2921; x_wconf 83' lang='lat' dir='ltr'>vertant</span> <span class='ocrx_word' id='word_1_158' title='bbox 1546 2862 1782 2922; x_wconf 79' lang='lat' dir='ltr'>tantae</span> <span class='ocrx_word' id='word_1_159' title='bbox 1821 2863 2040 2922; x_wconf 87' lang='lat' dir='ltr'>sortes</span> <span class='ocrx_word' id='word_1_160' title='bbox 2080 2860 2432 2922; x_wconf 82' lang='lat' dir='ltr'>somnium</span> <span class='ocrx_word' id='word_1_161' title='bbox 2474 2896 2551 2903; x_wconf 97' lang='lat'><strong>—</strong></span> <span class='ocrx_word' id='word_1_162' title='bbox 2594 2862 2633 2921; x_wconf 91' lang='lat' dir='ltr'>i.</span> <span class='ocrx_word' id='word_1_163' title='bbox 2677 2880 2737 2937; x_wconf 91' lang='lat' dir='ltr'>q.</span> <span class='ocrx_word' id='word_1_164' title='bbox 2789 2862 2934 2937; x_wconf 91' lang='lat' dir='ltr'>quis</span> <span class='ocrx_word' id='word_1_165' title='bbox 2976 2862 3127 2920; x_wconf 77' lang='lat' dir='ltr'>finis</span> <span class='ocrx_word' id='word_1_166' title='bbox 3172 2862 3253 2920; x_wconf 89' lang='lat' dir='ltr'>sit</span> <span class='ocrx_word' id='word_1_167' title='bbox 3296 2862 3431 2921; x_wconf 86' lang='lat' dir='ltr'>sive</span> 
     </span>
     <span class='ocr_line' id='line_1_22' title="bbox 868 2967 3431 3045; baseline 0.002 -24"><span class='ocrx_word' id='word_1_168' title='bbox 868 2977 998 3036; x_wconf 89' lang='lat' dir='ltr'>quo</span> <span class='ocrx_word' id='word_1_169' title='bbox 1060 2969 1343 3039; x_wconf 90' lang='lat' dir='ltr'>spectent</span> <span class='ocrx_word' id='word_1_170' title='bbox 1399 2969 1535 3027; x_wconf 92' lang='lat' dir='ltr'>sive</span> <span class='ocrx_word' id='word_1_171' title='bbox 1589 2970 1797 3043; x_wconf 90' lang='lat' dir='ltr'>qualis</span> <span class='ocrx_word' id='word_1_172' title='bbox 1854 2986 2086 3028; x_wconf 91' lang='lat' dir='ltr'>sensus</span> <span class='ocrx_word' id='word_1_173' title='bbox 2130 2971 2211 3028; x_wconf 93' lang='lat' dir='ltr'>sit</span> <span class='ocrx_word' id='word_1_174' title='bbox 2254 2970 2650 3028; x_wconf 89' lang='lat' dir='ltr'>somniorum</span> <span class='ocrx_word' id='word_1_175' title='bbox 2697 2967 2964 3045; x_wconf 90' lang='lat' dir='ltr'>(poetice</span> <span class='ocrx_word' id='word_1_176' title='bbox 3005 2968 3271 3043; x_wconf 90' lang='lat' dir='ltr'>pluralis</span> <span class='ocrx_word' id='word_1_177' title='bbox 3315 2986 3431 3044; x_wconf 94' lang='lat' dir='ltr'>pro</span> 
     </span>
     <span class='ocr_line' id='line_1_23' title="bbox 870 3068 3430 3152; baseline 0.003 -26"><span class='ocrx_word' id='word_1_178' title='bbox 870 3068 1211 3150; x_wconf 89' lang='lat' dir='ltr'>singulari)</span> <span class='ocrx_word' id='word_1_179' title='bbox 1257 3075 1971 3152; x_wconf 78' lang='lat' dir='ltr'>praesignificationum.</span> <span class='ocrx_word' id='word_1_180' title='bbox 2046 3076 2207 3134; x_wconf 90' lang='lat' dir='ltr'>Nam</span> <span class='ocrx_word' id='word_1_181' title='bbox 2251 3073 2604 3135; x_wconf 85' lang='lat' dir='ltr'>somnium</span> <span class='ocrx_word' id='word_1_182' title='bbox 2646 3078 2742 3133; x_wconf 94' lang='lat' dir='ltr'>est</span> <span class='ocrx_word' id='word_1_183' title='bbox 2784 3075 3120 3150; x_wconf 86' lang='lat' dir='ltr'>genetivus</span> <span class='ocrx_word' id='word_1_184' title='bbox 3164 3075 3430 3150; x_wconf 90' lang='lat' dir='ltr'>pluralis</span> 
     </span>
     <span class='ocr_line' id='line_1_24' title="bbox 870 3181 3432 3258; baseline 0.002 -21"><span class='ocrx_word' id='word_1_185' title='bbox 870 3183 931 3238; x_wconf 90' lang='lat' dir='ltr'>et</span> <span class='ocrx_word' id='word_1_186' title='bbox 999 3182 1217 3242; x_wconf 87' lang='lat' dir='ltr'>sortes</span> <span class='ocrx_word' id='word_1_187' title='bbox 1285 3181 1718 3243; x_wconf 82' lang='lat' dir='ltr'>somniorum</span> <span class='ocrx_word' id='word_1_188' title='bbox 1783 3183 2149 3258; x_wconf 77' lang='lat' dir='ltr'>significant</span> <span class='ocrx_word' id='word_1_189' title='bbox 2211 3201 2282 3242; x_wconf 94' lang='lat' dir='ltr'>ea</span> <span class='ocrx_word' id='word_1_190' title='bbox 2347 3201 2512 3258; x_wconf 91' lang='lat' dir='ltr'>quae</span> <span class='ocrx_word' id='word_1_191' title='bbox 2573 3183 2637 3241; x_wconf 94' lang='lat' dir='ltr'>in</span> <span class='ocrx_word' id='word_1_192' title='bbox 2704 3184 2952 3242; x_wconf 91' lang='lat' dir='ltr'>somnio</span> <span class='ocrx_word' id='word_1_193' title='bbox 3014 3183 3234 3241; x_wconf 76' lang='lat' dir='ltr'>futura</span> <span class='ocrx_word' id='word_1_194' title='bbox 3289 3200 3432 3242; x_wconf 92' lang='lat' dir='ltr'>esse</span> 
     </span>
     <span class='ocr_line' id='line_1_25' title="bbox 875 3287 1188 3348; baseline 0.01 -3"><span class='ocrx_word' id='word_1_195' title='bbox 875 3287 1188 3348; x_wconf 88' lang='lat' dir='ltr'>videntur.</span> 
     </span>
    </p>
   </div>
   <div class='ocr_carea' id='block_1_12' title="bbox 808 3478 3423 3571">
    <p class='ocr_par' dir='ltr' id='par_1_12' title="bbox 808 3478 3423 3571">
     <span class='ocr_line' id='line_1_26' title="bbox 808 3478 3423 3571; baseline -0 -35"><span class='ocrx_word' id='word_1_196' title='bbox 808 3495 822 3536; x_wconf 91' lang='lat'>:</span> <span class='ocrx_word' id='word_1_197' title='bbox 867 3480 1268 3538; x_wconf 77' lang='lat' dir='ltr'>verruncent</span> <span class='ocrx_word' id='word_1_198' title='bbox 1320 3513 1424 3571; x_wconf 12' lang='lat'>-—¹</span> <span class='ocrx_word' id='word_1_199' title='bbox 1454 3479 1532 3537; x_wconf 95' lang='lat' dir='ltr'>de</span> <span class='ocrx_word' id='word_1_200' title='bbox 1586 3479 1705 3538; x_wconf 93' lang='lat' dir='ltr'>hoc</span> <span class='ocrx_word' id='word_1_201' title='bbox 1761 3478 1956 3537; x_wconf 86' lang='lat' dir='ltr'>verbo</span> <span class='ocrx_word' id='word_1_202' title='bbox 2014 3478 2141 3536; x_wconf 86' lang='lat' dir='ltr'>vid.</span> <span class='ocrx_word' id='word_1_203' title='bbox 2206 3479 2394 3538; x_wconf 76' lang='lat' dir='ltr'>Breal</span> <span class='ocrx_word' id='word_1_204' title='bbox 2448 3482 2509 3537; x_wconf 90' lang='lat' dir='ltr'>et</span> <span class='ocrx_word' id='word_1_205' title='bbox 2552 3478 2756 3554; x_wconf 88' lang='lat' dir='ltr'>Bailly</span> <span class='ocrx_word' id='word_1_206' title='bbox 2775 3524 2790 3553; x_wconf 98' lang='lat'>,</span> <span class='ocrx_word' id='word_1_207' title='bbox 2855 3478 3121 3536; x_wconf 88' lang='lat' dir='ltr'>Diction.</span> <span class='ocrx_word' id='word_1_208' title='bbox 3169 3478 3423 3553; x_wconf 80' lang='lat' dir='ltr'>etymol.</span> 
     </span>
    </p>
   </div>
   <div class='ocr_carea' id='block_1_13' title="bbox 868 3584 3432 4304">
    <p class='ocr_par' dir='ltr' id='par_1_13' title="bbox 868 3584 3432 4304">
     <span class='ocr_line' id='line_1_27' title="bbox 870 3584 3432 3662; baseline -0.001 -18"><span class='ocrx_word' id='word_1_209' title='bbox 870 3586 1053 3644; x_wconf 92' lang='lat' dir='ltr'>Latin</span> <span class='ocrx_word' id='word_1_210' title='bbox 1097 3604 1156 3661; x_wconf 95' lang='lat' dir='ltr'>p.</span> <span class='ocrx_word' id='word_1_211' title='bbox 1199 3586 1316 3645; x_wconf 88' lang='grc'>432</span> <span class='ocrx_word' id='word_1_212' title='bbox 1361 3603 1799 3662; x_wconf 91' lang='lat' dir='ltr'>„verruncare</span> <span class='ocrx_word' id='word_1_213' title='bbox 1841 3584 2201 3660; x_wconf 91' lang='lat' dir='ltr'>appartient</span> <span class='ocrx_word' id='word_1_214' title='bbox 2243 3584 2724 3659; x_wconf 90' lang='lat' dir='ltr'>probablement</span> <span class='ocrx_word' id='word_1_215' title='bbox 2767 3587 2803 3643; x_wconf 76' lang='lat' dir='ltr'>a</span> <span class='ocrx_word' id='word_1_216' title='bbox 2845 3586 2906 3643; x_wconf 92' lang='lat' dir='ltr'>la</span> <span class='ocrx_word' id='word_1_217' title='bbox 2950 3587 3154 3644; x_wconf 76' lang='lat' dir='ltr'>meme</span> <span class='ocrx_word' id='word_1_218' title='bbox 3196 3585 3432 3643; x_wconf 86' lang='lat' dir='ltr'>famille</span> 
     </span>
     <span class='ocr_line' id='line_1_28' title="bbox 873 3689 3423 3770; baseline -0.001 -20"><span class='ocrx_word' id='word_1_219' title='bbox 873 3690 1144 3770; x_wconf 86' lang='lat' dir='ltr'>(verto):</span> <span class='ocrx_word' id='word_1_220' title='bbox 1204 3693 1247 3750; x_wconf 93' lang='lat' dir='ltr'>il</span> <span class='ocrx_word' id='word_1_221' title='bbox 1302 3693 1555 3769; x_wconf 86' lang='lat' dir='ltr'>signifie</span> <span class='ocrx_word' id='word_1_222' title='bbox 1611 3689 2013 3766; x_wconf 86' lang='lat' dir='ltr'>„tourner,&#39;’</span> <span class='ocrx_word' id='word_1_223' title='bbox 2074 3708 2152 3749; x_wconf 93' lang='lat' dir='ltr'>en</span> <span class='ocrx_word' id='word_1_224' title='bbox 2210 3692 2465 3766; x_wconf 91' lang='lat' dir='ltr'>parlant</span> <span class='ocrx_word' id='word_1_225' title='bbox 2519 3691 2633 3750; x_wconf 91' lang='lat' dir='ltr'>des</span> <span class='ocrx_word' id='word_1_226' title='bbox 2687 3693 3115 3750; x_wconf 80' lang='lat' dir='ltr'>evenementS.</span> <span class='ocrx_word' id='word_1_227' title='bbox 3186 3692 3423 3751; x_wconf 86' lang='lat' dir='ltr'>Pacuv.</span> 
     </span>
     <span class='ocr_line' id='line_1_29' title="bbox 868 3773 3425 3876; baseline -0.002 -17"><span class='ocrx_word' id='word_1_228' title='bbox 868 3819 969 3876; x_wconf 93' lang='lat' dir='ltr'>ap.</span> <span class='ocrx_word' id='word_1_229' title='bbox 1018 3801 1218 3875; x_wconf 91' lang='lat' dir='ltr'>Non.,</span> <span class='ocrx_word' id='word_1_230' title='bbox 1281 3819 1342 3876; x_wconf 99' lang='lat' dir='ltr'>p.</span> <span class='ocrx_word' id='word_1_231' title='bbox 1396 3799 1543 3858; x_wconf 89' lang='lat'>185:</span> <span class='ocrx_word' id='word_1_232' title='bbox 1605 3799 1862 3873; x_wconf 87' lang='lat' dir='ltr'>Precor,</span> <span class='ocrx_word' id='word_1_233' title='bbox 1926 3798 2178 3856; x_wconf 87' lang='lat' dir='ltr'>veniam</span> <span class='ocrx_word' id='word_1_234' title='bbox 2222 3801 2474 3872; x_wconf 81' lang='lat' dir='ltr'>petenS,</span> <span class='ocrx_word' id='word_1_235' title='bbox 2542 3799 2623 3857; x_wconf 90' lang='lat' dir='ltr'>Ut</span> <span class='ocrx_word' id='word_1_236' title='bbox 2674 3815 2840 3872; x_wconf 88' lang='lat' dir='ltr'>quae</span> <span class='ocrx_word' id='word_1_237' title='bbox 2881 3773 3013 3874; x_wconf 71' lang='lat' dir='ltr'>egi,</span> <span class='ocrx_word' id='word_1_238' title='bbox 3065 3815 3219 3873; x_wconf 90' lang='lat' dir='ltr'>ag0,</span> <span class='ocrx_word' id='word_1_239' title='bbox 3273 3795 3425 3874; x_wconf 86' lang='lat' dir='ltr'>[vel]</span> 
     </span>
     <span class='ocr_line' id='line_1_30' title="bbox 868 3903 3430 3981; baseline -0.002 -15"><span class='ocrx_word' id='word_1_240' title='bbox 868 3908 1067 3981; x_wconf 90' lang='lat' dir='ltr'>axim,</span> <span class='ocrx_word' id='word_1_241' title='bbox 1126 3908 1509 3965; x_wconf 90' lang='lat' dir='ltr'>verruncent</span> <span class='ocrx_word' id='word_1_242' title='bbox 1549 3904 1728 3964; x_wconf 92' lang='lat' dir='ltr'>bene.</span> <span class='ocrx_word' id='word_1_243' title='bbox 1780 3905 1912 3963; x_wconf 86' lang='lat' dir='ltr'>Liv.</span> <span class='ocrx_word' id='word_1_244' title='bbox 1964 3905 2169 3962; x_wconf 93' lang='lat' dir='ltr'>XXIX</span> <span class='ocrx_word' id='word_1_245' title='bbox 2212 3904 2318 3962; x_wconf 83' lang='lat'>27:</span> <span class='ocrx_word' id='word_1_246' title='bbox 2379 3903 2609 3979; x_wconf 86' lang='lat' dir='ltr'>„Quae</span> <span class='ocrx_word' id='word_1_247' title='bbox 2650 3905 2714 3963; x_wconf 91' lang='lat' dir='ltr'>in</span> <span class='ocrx_word' id='word_1_248' title='bbox 2761 3921 2899 3963; x_wconf 90' lang='lat' dir='ltr'>meo</span> <span class='ocrx_word' id='word_1_249' title='bbox 2941 3905 3208 3980; x_wconf 88' lang='lat' dir='ltr'>imperio</span> <span class='ocrx_word' id='word_1_250' title='bbox 3250 3907 3430 3980; x_wconf 92' lang='lat' dir='ltr'>gesta</span> 
     </span>
     <span class='ocr_line' id='line_1_31' title="bbox 868 4010 3428 4089; baseline -0.002 -15"><span class='ocrx_word' id='word_1_251' title='bbox 868 4017 1054 4088; x_wconf 85' lang='lat' dir='ltr'>sunt,</span> <span class='ocrx_word' id='word_1_252' title='bbox 1121 4016 1463 4089; x_wconf 87' lang='lat' dir='ltr'>geruntur,</span> <span class='ocrx_word' id='word_1_253' title='bbox 1525 4014 1797 4087; x_wconf 92' lang='lat' dir='ltr'>postque</span> <span class='ocrx_word' id='word_1_254' title='bbox 1851 4014 2184 4085; x_wconf 87' lang='lat' dir='ltr'>gerentur,</span> <span class='ocrx_word' id='word_1_255' title='bbox 2246 4028 2318 4069; x_wconf 89' lang='lat' dir='ltr'>ea</span> <span class='ocrx_word' id='word_1_256' title='bbox 2377 4011 2532 4069; x_wconf 89' lang='lat' dir='ltr'>mihi</span> <span class='ocrx_word' id='word_1_257' title='bbox 2587 4012 2821 4086; x_wconf 93' lang='lat' dir='ltr'>populo</span> <span class='ocrx_word' id='word_1_258' title='bbox 2864 4010 3159 4086; x_wconf 88' lang='lat' dir='ltr'>plebique</span> <span class='ocrx_word' id='word_1_259' title='bbox 3202 4011 3428 4069; x_wconf 89' lang='lat' dir='ltr'>Roma-</span> 
     </span>
     <span class='ocr_line' id='line_1_32' title="bbox 868 4116 3428 4194; baseline -0.003 -11"><span class='ocrx_word' id='word_1_260' title='bbox 868 4141 989 4183; x_wconf 91' lang='lat' dir='ltr'>nae</span> <span class='ocrx_word' id='word_1_261' title='bbox 1033 4166 1047 4181; x_wconf 96' lang='lat'><strong>.</strong></span> <span class='ocrx_word' id='word_1_262' title='bbox 1100 4167 1113 4180; x_wconf 99' lang='lat'><strong>.</strong></span> <span class='ocrx_word' id='word_1_263' title='bbox 1165 4167 1179 4181; x_wconf 90' lang='lat'><strong>.</strong></span> <span class='ocrx_word' id='word_1_264' title='bbox 1227 4122 1389 4180; x_wconf 94' lang='lat' dir='ltr'>bene</span> <span class='ocrx_word' id='word_1_265' title='bbox 1431 4116 1889 4177; x_wconf 88' lang='lat' dir='ltr'>verruncent.&#39;&#39;</span> <span class='ocrx_word' id='word_1_266' title='bbox 1938 4117 2032 4177; x_wconf 84' lang='lat' dir='ltr'>cf.</span> <span class='ocrx_word' id='word_1_267' title='bbox 2076 4118 2329 4193; x_wconf 88' lang='lat' dir='ltr'>Walde,</span> <span class='ocrx_word' id='word_1_268' title='bbox 2381 4119 2528 4176; x_wconf 92' lang='lat' dir='ltr'>Lex.</span> <span class='ocrx_word' id='word_1_269' title='bbox 2574 4119 2707 4177; x_wconf 90' lang='lat' dir='ltr'>Lat.</span> <span class='ocrx_word' id='word_1_270' title='bbox 2753 4119 2964 4194; x_wconf 88' lang='lat' dir='ltr'>Etym.</span> <span class='ocrx_word' id='word_1_271' title='bbox 3008 4136 3059 4176; x_wconf 87' lang='lat' dir='ltr'>S.</span> <span class='ocrx_word' id='word_1_272' title='bbox 3102 4136 3161 4176; x_wconf 92' lang='lat' dir='ltr'>v.</span> <span class='ocrx_word' id='word_1_273' title='bbox 3212 4136 3428 4177; x_wconf 88' lang='lat' dir='ltr'>aver-</span> 
     </span>
     <span class='ocr_line' id='line_1_33' title="bbox 868 4226 1926 4304; baseline -0.007 -15"><span class='ocrx_word' id='word_1_274' title='bbox 868 4246 1155 4304; x_wconf 84' lang='lat' dir='ltr'>runcO,</span> <span class='ocrx_word' id='word_1_275' title='bbox 1205 4229 1316 4303; x_wconf 91' lang='lat' dir='ltr'>qui</span> <span class='ocrx_word' id='word_1_276' title='bbox 1357 4228 1479 4285; x_wconf 92' lang='lat' dir='ltr'>illis</span> <span class='ocrx_word' id='word_1_277' title='bbox 1522 4226 1926 4301; x_wconf 90' lang='lat' dir='ltr'>astipulatur.</span> 
     </span>
    </p>
   </div>
   <div class='ocr_carea' id='block_1_14' title="bbox 772 4410 3430 4489">
    <p class='ocr_par' dir='ltr' id='par_1_14' title="bbox 772 4410 3430 4489">
     <span class='ocr_line' id='line_1_34' title="bbox 772 4410 3430 4489; baseline -0.003 -9"><span class='ocrx_word' id='word_1_278' title='bbox 772 4435 820 4487; x_wconf 68' lang='grc' dir='ltr'>’,ς</span> <span class='ocrx_word' id='word_1_279' title='bbox 866 4416 1272 4480; x_wconf 81' lang='lat' dir='ltr'>visamesse</span> <span class='ocrx_word' id='word_1_280' title='bbox 1311 4449 1391 4456; x_wconf 97' lang='lat'><strong>—</strong></span> <span class='ocrx_word' id='word_1_281' title='bbox 1432 4415 1470 4471; x_wconf 92' lang='lat' dir='ltr'>i.</span> <span class='ocrx_word' id='word_1_282' title='bbox 1499 4431 1551 4472; x_wconf 91' lang='lat' dir='ltr'>e.</span> <span class='ocrx_word' id='word_1_283' title='bbox 1589 4413 1709 4472; x_wconf 91' lang='lat' dir='ltr'>sibi</span> <span class='ocrx_word' id='word_1_284' title='bbox 1753 4412 1953 4470; x_wconf 86' lang='lat' dir='ltr'>visam</span> <span class='ocrx_word' id='word_1_285' title='bbox 1999 4429 2141 4470; x_wconf 92' lang='lat' dir='ltr'>esse</span> <span class='ocrx_word' id='word_1_286' title='bbox 2177 4412 2254 4470; x_wconf 86' lang='lat' dir='ltr'>cf.</span> <span class='ocrx_word' id='word_1_287' title='bbox 2295 4410 2334 4489; x_wconf 65' lang='grc' dir='ltr'>ξ</span> <span class='ocrx_word' id='word_1_288' title='bbox 2370 4413 2441 4471; x_wconf 83' lang='grc'>49</span> <span class='ocrx_word' id='word_1_289' title='bbox 2487 4411 2963 4473; x_wconf 85' lang='lat' dir='ltr'>Hannibalem</span> <span class='ocrx_word' id='word_1_290' title='bbox 3008 4458 3021 4471; x_wconf 90' lang='lat'><strong>.</strong></span> <span class='ocrx_word' id='word_1_291' title='bbox 3074 4457 3087 4470; x_wconf 90' lang='lat'><strong>.</strong></span> <span class='ocrx_word' id='word_1_292' title='bbox 3141 4457 3154 4471; x_wconf 91' lang='lat'><strong>.</strong></span> <span class='ocrx_word' id='word_1_293' title='bbox 3204 4410 3430 4472; x_wconf 81' lang='lat' dir='ltr'>visum</span> 
     </span>
    </p>
   </div>
   <div class='ocr_carea' id='block_1_15' title="bbox 867 4516 2240 4600">
    <p class='ocr_par' dir='ltr' id='par_1_15' title="bbox 867 4516 2240 4600">
     <span class='ocr_line' id='line_1_35' title="bbox 867 4516 2240 4600; baseline -0.007 -14"><span class='ocrx_word' id='word_1_294' title='bbox 867 4540 1024 4588; x_wconf 90' lang='lat' dir='ltr'>esse.</span> <span class='ocrx_word' id='word_1_295' title='bbox 1090 4520 1128 4600; x_wconf 69' lang='grc' dir='ltr'>ἓ</span> <span class='ocrx_word' id='word_1_296' title='bbox 1178 4523 1254 4582; x_wconf 87' lang='grc'>50</span> <span class='ocrx_word' id='word_1_297' title='bbox 1300 4519 1775 4580; x_wconf 80' lang='lat' dir='ltr'>Hamilcarem</span> <span class='ocrx_word' id='word_1_298' title='bbox 1817 4516 2041 4577; x_wconf 83' lang='lat' dir='ltr'>visum</span> <span class='ocrx_word' id='word_1_299' title='bbox 2085 4536 2240 4578; x_wconf 89' lang='lat' dir='ltr'>esse.</span> 
     </span>
    </p>
   </div>
   <div class='ocr_carea' id='block_1_16' title="bbox 552 4703 3427 4795">
    <p class='ocr_par' dir='ltr' id='par_1_16' title="bbox 552 4703 3427 4795">
     <span class='ocr_line' id='line_1_36' title="bbox 552 4703 3427 4795; baseline -0.006 -15"><span class='ocrx_word' id='word_1_300' title='bbox 552 4732 600 4780; x_wconf 60' lang='lat' dir='ltr'>A:</span> <span class='ocrx_word' id='word_1_301' title='bbox 648 4776 656 4795; x_wconf 67' lang='grc'><em>,</em></span> <span class='ocrx_word' id='word_1_302' title='bbox 765 4728 820 4784; x_wconf 84' lang='grc'>’·.;</span> <span class='ocrx_word' id='word_1_303' title='bbox 867 4732 942 4777; x_wconf 71' lang='lat' dir='ltr'>esc</span> <span class='ocrx_word' id='word_1_304' title='bbox 987 4708 1289 4771; x_wconf 80' lang='lat' dir='ltr'>Dinonis</span> <span class='ocrx_word' id='word_1_305' title='bbox 1331 4705 1622 4768; x_wconf 84' lang='lat' dir='ltr'>Persicis</span> <span class='ocrx_word' id='word_1_306' title='bbox 1651 4703 2063 4784; x_wconf 75' lang='lat' dir='ltr'>proferam?</span> <span class='ocrx_word' id='word_1_307' title='bbox 2105 4740 2180 4745; x_wconf 95' lang='lat'>—</span> <span class='ocrx_word' id='word_1_308' title='bbox 2241 4707 2446 4764; x_wconf 91' lang='lat' dir='ltr'>Dinon</span> <span class='ocrx_word' id='word_1_309' title='bbox 2492 4706 2837 4766; x_wconf 90' lang='lat' dir='ltr'>verbosum</span> <span class='ocrx_word' id='word_1_310' title='bbox 2878 4724 3042 4782; x_wconf 90' lang='lat' dir='ltr'>opus</span> <span class='ocrx_word' id='word_1_311' title='bbox 3086 4705 3427 4765; x_wconf 84' lang='lat' dir='ltr'>Alexandri</span> 
     </span>
    </p>
   </div>
   <div class='ocr_carea' id='block_1_17' title="bbox 866 4812 3423 4997">
    <p class='ocr_par' dir='ltr' id='par_1_17' title="bbox 866 4812 3423 4997">
     <span class='ocr_line' id='line_1_37' title="bbox 866 4812 3421 4895; baseline -0.004 -15"><span class='ocrx_word' id='word_1_312' title='bbox 866 4819 1086 4895; x_wconf 90' lang='lat' dir='ltr'>Magni</span> <span class='ocrx_word' id='word_1_313' title='bbox 1140 4816 1533 4892; x_wconf 90' lang='lat' dir='ltr'>temporibus</span> <span class='ocrx_word' id='word_1_314' title='bbox 1589 4815 1667 4873; x_wconf 94' lang='lat' dir='ltr'>de</span> <span class='ocrx_word' id='word_1_315' title='bbox 1722 4812 1907 4871; x_wconf 91' lang='lat' dir='ltr'>Asiae</span> <span class='ocrx_word' id='word_1_316' title='bbox 1963 4813 2178 4887; x_wconf 89' lang='lat' dir='ltr'>regnis</span> <span class='ocrx_word' id='word_1_317' title='bbox 2236 4812 2583 4886; x_wconf 89' lang='lat' dir='ltr'>Indiaeque</span> <span class='ocrx_word' id='word_1_318' title='bbox 2640 4813 2962 4872; x_wconf 89' lang='lat' dir='ltr'>miraculis</span> <span class='ocrx_word' id='word_1_319' title='bbox 3007 4813 3280 4888; x_wconf 89' lang='lat' dir='ltr'>scripsit.</span> <span class='ocrx_word' id='word_1_320' title='bbox 3343 4812 3421 4870; x_wconf 81' lang='lat' dir='ltr'>cf.</span> 
     </span>
     <span class='ocr_line' id='line_1_38' title="bbox 870 4918 3423 4997; baseline -0.004 -10"><span class='ocrx_word' id='word_1_321' title='bbox 870 4925 1137 4988; x_wconf 69' lang='lat' dir='ltr'>Schafer</span> <span class='ocrx_word' id='word_1_322' title='bbox 1165 4959 1195 4965; x_wconf 87' lang='lat'>-</span> <span class='ocrx_word' id='word_1_323' title='bbox 1219 4924 1481 4997; x_wconf 92' lang='lat' dir='ltr'>Nissen,</span> <span class='ocrx_word' id='word_1_324' title='bbox 1553 4919 2037 4989; x_wconf 88' lang='lat' dir='ltr'>Quellenkunde</span> <span class='ocrx_word' id='word_1_325' title='bbox 2093 4919 2204 4977; x_wconf 92' lang='lat' dir='ltr'>der</span> <span class='ocrx_word' id='word_1_326' title='bbox 2263 4919 2712 4979; x_wconf 87' lang='lat' dir='ltr'>Griechischen</span> <span class='ocrx_word' id='word_1_327' title='bbox 2757 4920 3172 4980; x_wconf 74' lang='lat' dir='ltr'>Geschichte⁴</span> <span class='ocrx_word' id='word_1_328' title='bbox 3214 4938 3276 4994; x_wconf 90' lang='lat' dir='ltr'>p.</span> <span class='ocrx_word' id='word_1_329' title='bbox 3325 4918 3423 4978; x_wconf 87' lang='lat'>65.</span> 
     </span>
    </p>
   </div>
   <div class='ocr_carea' id='block_1_18' title="bbox 752 5103 3428 5184">
    <p class='ocr_par' dir='ltr' id='par_1_18' title="bbox 752 5103 3428 5184">
     <span class='ocr_line' id='line_1_39' title="bbox 752 5103 3428 5184; baseline -0.004 -10"><span class='ocrx_word' id='word_1_330' title='bbox 752 5128 816 5184; x_wconf 51' lang='grc' dir='ltr'>τη</span> <span class='ocrx_word' id='word_1_331' title='bbox 868 5109 1144 5175; x_wconf 84' lang='lat' dir='ltr'>discedo</span> <span class='ocrx_word' id='word_1_332' title='bbox 1191 5155 1204 5168; x_wconf 89' lang='lat'><strong>.</strong></span> <span class='ocrx_word' id='word_1_333' title='bbox 1258 5154 1271 5167; x_wconf 99' lang='lat'><strong>.</strong></span> <span class='ocrx_word' id='word_1_334' title='bbox 1324 5153 1338 5165; x_wconf 97' lang='lat'><strong>.</strong></span> <span class='ocrx_word' id='word_1_335' title='bbox 1386 5109 1688 5167; x_wconf 81' lang='lat' dir='ltr'>revertar</span> <span class='ocrx_word' id='word_1_336' title='bbox 1731 5108 1842 5165; x_wconf 88' lang='lat' dir='ltr'>aut</span> <span class='ocrx_word' id='word_1_337' title='bbox 1884 5104 2163 5163; x_wconf 88' lang='lat' dir='ltr'>eicienda</span> <span class='ocrx_word' id='word_1_338' title='bbox 2207 5108 2317 5163; x_wconf 88' lang='lat' dir='ltr'>aut</span> <span class='ocrx_word' id='word_1_339' title='bbox 2361 5105 2573 5164; x_wconf 91' lang='lat' dir='ltr'>verbis</span> <span class='ocrx_word' id='word_1_340' title='bbox 2618 5107 2716 5166; x_wconf 88' lang='lat' dir='ltr'>est</span> <span class='ocrx_word' id='word_1_341' title='bbox 2733 5105 3049 5182; x_wconf 75' lang='lat' dir='ltr'>profecto</span> <span class='ocrx_word' id='word_1_342' title='bbox 3083 5103 3428 5182; x_wconf 81' lang='lat' dir='ltr'>quiddam</span> 
     </span>
    </p>
   </div>
   <div class='ocr_carea' id='block_1_19' title="bbox 868 5211 3429 5295">
    <p class='ocr_par' dir='ltr' id='par_1_19' title="bbox 868 5211 3429 5295">
     <span class='ocr_line' id='line_1_40' title="bbox 868 5211 3429 5295; baseline -0.004 -14"><span class='ocrx_word' id='word_1_343' title='bbox 868 5225 981 5282; x_wconf 90' lang='lat' dir='ltr'>cet.</span> <span class='ocrx_word' id='word_1_344' title='bbox 1032 5215 1445 5295; x_wconf 89' lang='lat' dir='ltr'>proponenda</span> <span class='ocrx_word' id='word_1_345' title='bbox 1490 5215 1736 5274; x_wconf 89' lang='lat' dir='ltr'>censuit</span> <span class='ocrx_word' id='word_1_346' title='bbox 1783 5211 2072 5285; x_wconf 87' lang='lat' dir='ltr'>Frenzel;</span> <span class='ocrx_word' id='word_1_347' title='bbox 2132 5212 2244 5270; x_wconf 93' lang='lat' dir='ltr'>sed</span> <span class='ocrx_word' id='word_1_348' title='bbox 2281 5211 2525 5272; x_wconf 86' lang='lat' dir='ltr'>Callani</span> <span class='ocrx_word' id='word_1_349' title='bbox 2554 5213 3042 5288; x_wconf 88' lang='lat' dir='ltr'>divinationem,</span> <span class='ocrx_word' id='word_1_350' title='bbox 3093 5229 3258 5289; x_wconf 88' lang='lat' dir='ltr'>quae</span> <span class='ocrx_word' id='word_1_351' title='bbox 3285 5213 3429 5289; x_wconf 90' lang='lat' dir='ltr'>post</span> 
     </span>
    </p>
   </div>
   <div class='ocr_carea' id='block_1_20' title="bbox 3904 4753 3916 5940">
    <p class='ocr_par' dir='ltr' id='par_1_20' title="bbox 3904 4753 3916 5940">
     <span class='ocr_line' id='line_1_41' title="bbox 3904 4753 3916 5940; baseline 0 0"><span class='ocrx_word' id='word_1_352' title='bbox 3904 4753 3916 5940; x_wconf 95' lang='lat' dir='ltr'> </span> 
     </span>
    </p>
   </div>
  </div>
 </body>
</html>
