4125 6300
1031 762 1070 824 48

249 948 304 1026 13,
328 948 384 1009 23:
414 947 591 1012 Veneriam
613 950 770 1012 vocabant
791 950 925 1027 lactum,
949 951 1005 1026 qui
1023 948 1105 1013 talos
1122 967 1233 1012 omnes
1247 954 1400 1027 quattuor
1414 952 1541 1014 diverso
1556 970 1690 1015 numero

410 1058 459 1136 (1,
483 1058 519 1135 3,
543 1060 578 1134 4,
604 1056 635 1134 6)
658 1058 846 1118 ostendebat
868 1057 921 1135 (ci.
946 1058 1043 1134 Rich,
1068 1059 1279 1119 Wiirterbuch
1300 1060 1358 1118 der
1379 1061 1570 1120 Rdmisehen
1591 1063 1690 1131 Alter·

371 1163 374 1170 ’
407 1165 535 1225 thimer
556 1182 582 1224 s.
601 1183 631 1223 v.
656 1162 806 1241 „talus'’)
819 1163 857 1241 1).
882 1166 970 1225 Pers.
997 1164 1063 1225 Sat.
1088 1164 1311 1241 11148sqq.:

566 1300 637 1359 iure
657 1299 773 1359 etenim
793 1298 826 1358 id
848 1315 1025 1375 summum,
1050 1299 1127 1375 quid
1149 1300 1259 1359 dexter
1280 1302 1395 1360 senio
1415 1301 1526 1377 ferret,

568 1406 650 1465 scire
669 1407 737 1466 erat
757 1405 791 1464 in
813 1407 903 1481 voto,
927 1406 1083 1466 damnosa
1105 1406 1295 1467 canicula
1315 1410 1473 1481 quantum

569 1511 741 1573 raderet

447 1647 556 1723 Magni
584 1647 734 1706 momenti
756 1650 832 1705 sunt
853 1646 1127 1722 quae'seholiasta
1148 1649 1189 1707 ad
1210 1648 1241 1707 h.
1259 1648 1280 1707 1.
1301 1650 1451 1709 annotat:
1474 1648 1556 1724 „tali
1575 1648 1608 1707 in
1630 1648 1689 1707 hoc

407 1754 475 1813 loeo
501 1755 567 1812 tres
588 1756 728 1812 tesserae
748 1756 825 1813 sunt
845 1769 1016 1812 numerum
1037 1753 1231 1829 impressum
1253 1755 1396 1813 tenentes
1417 1756 1450 1813 in
1472 1755 1549 1815 alea.
1575 1754 1689 1813 senio

407 1864 513 1919 autem
544 1862 575 1919 et
605 1859 795 1920 canicula
826 1861 856 1920 et
886 1860 1020 1918 Venus
1049 1861 1178 1935 propria
1207 1860 1336 1920 nomina
1363 1861 1466 1921 iactus
1493 1863 1688 1921 tesserarum

407 1972 493 2027 sunt.
512 1965 601 2026 verbi
615 1966 734 2043 gratia,
759 1967 837 2025 dum
851 1968 916 2025 tres
932 1967 1000 2025 seni
1018 1964 1095 2044 (τρὶς
1113 1965 1160 2043 ἕξ)
1177 1968 1386 2043 proveniunt,
1411 1969 1439 2027 is
1452 1968 1555 2028 iactus
1574 1967 1689 2027 senio

406 2078 464 2133 est.
494 2074 527 2133 in
557 2091 622 2148 quo
653 2074 831 2134 notandum
861 2073 937 2148 quia
967 2073 1128 2133 interdum
1158 2076 1207 2133 est
1238 2075 1376 2135 sinister.
1408 2074 1485 2134 dum
1517 2091 1593 2134 vero
1623 2076 1688 2135 tres

406 2181 480 2257 uni,
510 2181 709 2241 canicula.
741 2181 874 2240 Venus
900 2184 1023 2256 autem,
1054 2181 1132 2240 dum
1152 2181 1255 2241 iactus
1276 2182 1365 2241 iuxta
1387 2182 1541 2243 rationem
1563 2182 1688 2241 numeri

406 2289 524 2364 optime
553 2290 777 2363 conectuntur,
811 2304 909 2362 quam
940 2288 1146 2348 conexionem
1177 2290 1254 2348 unio
1285 2288 1305 2347 i.
1328 2306 1354 2348 e.
1385 2290 1528 2349 canicula
1558 2289 1591 2347 in
1623 2289 1688 2347 fine

406 2396 534 2456 tabulae
557 2395 684 2455 efficere
705 2396 793 2454 solet.
817 2395 1006 2455 canicula
1028 2412 1087 2470 pro
1108 2412 1202 2472 cane,
1234 2397 1369 2471 quaein
1391 2396 1520 2456 calculis
1541 2413 1580 2456 ex
1601 2396 1687 2455 omni

406 2502 490 2561 iactu
519 2503 656 2576 talorum
683 2502 827 2576 quinque
851 2501 1005 2576 detrahit,
1036 2505 1166 2577 excepta
1187 2502 1355 2578 Venere,
1386 2502 1419 2562 in
1441 2520 1505 2577 qua
1527 2503 1594 2562 sola
1616 2520 1687 2578 pro·

406 2607 551 2685 dest'’²).
583 2608 631 2669 cf.
662 2607 750 2668 Suet.
778 2608 859 2684 Aug.
885 2608 937 2682 ll;
966 2608 1025 2667 Ov.
1051 2625 1129 2667 aa.
1154 2607 1187 2667 II
1216 2608 1289 2683 208;
1319 2610 1522 2684 Marquardt,
1554 2608 1683 2668 Privatl.

405 2716 592 2791 daritim,
616 2715 737 2799 1ῙΙΙ2,
758 2733 789 2790 p.
814 2713 882 2774 853.

250 2900 302 2975 14,
327 2900 382 2958 24:
406 2894 561 2955 occaecat
581 2926 620 2935 —
641 2894 789 2968 Meyerus
817 2892 861 2952 ait
888 2891 949 2950 sibi
976 2892 1076 2951 videri
1105 2893 1137 2953 et
1162 2909 1221 2967 pro
1248 2892 1354 2953 etiam
1378 2893 1518 2968 positum
1540 2909 1625 2967 esse,
1656 2896 1687 2951 et

406 2999 563 3062 cimbam
597 3016 668 3059 esse
702 2999 921 3058 accusativum
953 3002 984 3057 et
1013 2998 1172 3059 obiectum
1205 2999 1292 3059 verbi
1325 3000 1480 3059 occaecat
1511 2998 1684 3073 vertitque:

405 3109 498 3186 „und
532 3105 702 3168 Schwiirze
727 3106 830 3166 ldscht
857 3106 919 3166 den
950 3104 1128 3167 Schimmer
1157 3106 1256 3166 selbst
1283 3107 1340 3166 der
1367 3104 1507 3167 Nacht.'’
1540 3107 1686 3166 Moserus

404 3217 460 3292 qui
487 3215 644 3276 cimbam
672 3214 855 3290 genetivum
884 3213 1039 3288 pluralem
1067 3231 1138 3274 esse
1158 3218 1282 3290 censet,
1313 3215 1354 3273 ad
1377 3214 1511 3274 verbum
1533 3214 1687 3274 occaecat
1799 3213 1803 3220 '

405 3325 510 3383 mente
536 3323 624 3382 addit
651 3319 831 3382 carlorum
859 3319 975 3381 aetem.
1010 3321 1088 3379 Mihi
1116 3339 1245 3396 quoque
1272 3321 1450 3381 nimbum
1479 3325 1581 3398 genet.
1615 3338 1687 3380 esse

405 3432 531 3491 videtur
552 3434 582 3488 et
602 3429 758 3489 omissum
779 3428 937 3488 obiectum
958 3429 1070 3488 diem.

246 3605 300 3680 15,
324 3602 379 3663 28:
402 3599 577 3678 impetrari
596 3631 636 3642 -
656 3599 696 3659 ei.
714 3617 740 3658 c.
758 3599 777 3657 2
800 3597 820 3676 ξ
843 3598 871 3658 3.

246 3772 300 3848 16,
324 3771 379 3832 28;
402 3771 608 3849 nuptiarum
636 3768 793 3847 auspices
813 3801 853 3811 —
872 3769 906 3828 in
935 3769 1056 3844 nuptiis
1085 3770 1189 3846 specie
1208 3773 1239 3829 et
1260 3771 1388 3830 nomine
1408 3770 1511 3846 magis
1532 3786 1629 3845 quam
1651 3786 1685 3827 re

402 3897 508 3956 augur
535 3878 756 3938 adhibebatur.
792 3877 858 3936 Val.
884 3877 968 3936 Max.
994 3875 1028 3936 II
1058 3878 1091 3953 1,
1124 3878 1139 3936 1
1170 3878 1282 3953 „apud
1310 3879 1459 3953 antiquos
1488 3895 1552 3937 non
1580 3877 1685 3936 solum

403 3986 541 4062 publice,
560 3984 724 4044 sedetiam
739 3985 887 4059 privatim
904 3984 984 4042 nihil
999 3983 1185 4061 gerebatur,
1203 3985 1265 4044 nisi
1280 3985 1422 4060 auspicio
1436 3985 1528 4059 prius
1539 3986 1682 4058 sumpto:

403 4111 467 4168 quo
488 4110 527 4152 ex
547 4109 637 4151 more
657 4091 777 4166 nuptiis
798 4092 973 4150 etiamnum
994 4092 1142 4166 auspices
1163 4092 1423 4167 interponuntur.
1452 4091 1514 4160 Qui
1535 4091 1684 4167 quamvis

402 4201 544 4276 auspicia
575 4201 682 4275 petere
710 4197 877 4285 desierint,
911 4199 981 4274 ipso
1009 4201 1115 4257 tamen
1145 4199 1273 4257 nomine
1299 4199 1415 4258 veteris
1443 4198 1684 4257 consuetudinis

338 4348 340 4351 -
403 4307 536 4383 vestigia
556 4303 754 4381 usurpant.”
778 4304 940 4364 Iuvenalis
961 4304 1027 4364 Sat.
1048 4305 1101 4380 10,
1126 4304 1202 4367 3³6:
1226 4306 1357 4381 „veniet
1373 4323 1446 4365 cum
1465 4304 1683 4381 signatoribus

402 4411 564 4490 auspex;'’
587 4414 626 4472 ci.
651 4413 724 4471 Tac.
749 4411 862 4471 Annal.
888 4412 949 4486 XI,
974 4410 1026 4485 273
1052 4411 1138 4471 Suet.
1165 4411 1275 4472 Claud.
1300 4411 1339 4471 26
1359 4414 1390 4472 et
1410 4412 1460 4472 29.

246 4591 299 4667 16,
323 4591 378 4652 29:
402 4590 438 4650 P.
472 4589 640 4652 Claudias
665 4636 672 4649 .
698 4635 705 4650 .
731 4557 804 4649 [L.
834 4588 958 4651 Iaaiaa
987 4589 1069 4648 bello
1102 4589 1221 4649 Punico
1252 4590 1356 4665 primo
1386 4591 1534 4669 consules
1564 4592 1683 4652 classes

402 4699 596 4774 amiserunt,
628 4698 781 4759 Claudius
809 4698 850 4757 ad
880 4699 1064 4772 Drepanum
1091 4697 1125 4755 in
1154 4714 1263 4773 pugna
1291 4697 1398 4757 navali
1425 4702 1536 4758 contra
1564 4698 1682 4758 Adher-

437 4973 459 5041 1)
496 4973 647 5026 Ludebatur
658 4972 751 5041 ,tn'bus
769 4972 915 5024 tesseris
933 4970 1061 5040 (κύβοις),
1086 4989 1196 5039 quarum
1214 4947 1306 5025 omnia·
1320 4974 1401 5025 latera
1419 4990 1464 5025 sex
1483 4982 1557 5025 erant
1575 4991 1682 5026 numero

403 5071 505 5129 notata,
524 5064 606 5115 talis
623 5072 709 5115 autem
728 5070 863 5129 quattuor,
884 5079 993 5129 quorum
1013 5063 1065 5114 duo
1083 5063 1164 5114 latera
1183 5079 1290 5114 numero
1309 5062 1335 5131 (2
1355 5071 1380 5115 et
1399 5065 1427 5129 5)
1446 5063 1575 5115 carebant.

437 5152 459 5223 2)
496 5150 631 5205 Postrema
649 5153 727 5204 verba
745 5152 859 5204 nondum
878 5152 939 5204 satis
957 5154 1111 5220 explanata,
1133 5169 1216 5220 neque
1234 5170 1249 5204 a
1268 5153 1450 5221 Marquardtio
1468 5154 1494 5205 in
1514 5170 1587 5205 suum
1608 5170 1681 5206 usum

402 5259 533 5296 conversa.
