4125 6300
1030 693 1069 753 40

409 882 424 939 Ι
454 879 569 958 5109:
599 898 688 959 quoe
716 880 795 958 (soil.
820 881 991 941 artificiosa
1019 879 1217 957 praesensio)
1241 882 1359 958 potest
1387 898 1457 941 3333
1483 880 1589 943 ettam
1616 879 1689 941 siue

409 989 506 1048 ruotu
533 989 638 1065 utque
664 986 818 1065 impulsu
846 988 1006 1063 deorum,
1038 1005 1133 1064 usuc,
1166 986 1253 1065 quid
1282 1004 1318 1047 ec
1346 1004 1484 1065 quoque
1505 986 1637 1048 occulat
1658 989 1690 1047 et

410 1094 496 1172 quid
518 1112 691 1173 quumque
710 1112 783 1155 reru
803 1093 988 1174 siquitc'cct,
1013 1094 1132 1155 crehru
1153 1092 1455 1156 animaduersione
1470 1095 1689 1172 perspectum

333 1194 338 1198 ’
409 1202 473 1275 est,
498 1205 528 1261 et
550 1200 570 1279 5
594 1202 665 1261 111:
686 1219 808 1263 rorum
830 1204 878 1263 est
900 1200 1081 1280 quoddam
1101 1218 1210 1280 penus
1231 1217 1351 1261 eoruru
1373 1200 1435 1279 quc'
1455 1218 1491 1261 33
1508 1219 1531 1261 u
1548 1218 1690 1278 corpore

408 1309 549 1368 avocent
569 1309 600 1368 et
618 1307 666 1368 ud
684 1307 883 1369 diuinorum
900 1325 1016 1369 rerum
1036 1306 1270 1387 counitioueuc
1288 1324 1373 1368 curu
1391 1306 1489 1367 oruuc'
1504 1306 1691 1385 studioque

408 1414 605 1492 rapiuntur.
631 1414 769 1476 Horum
789 1417 872 1476 suut
893 1414 1047 1493 uupurc'u
1067 1432 1139 1475 uou
1161 1412 1273 1476 diuini
1293 1413 1444 1491 impetus
1463 1415 1523 1475 aed
1540 1412 1691 1475 rationis

408 1521 591 1582 humanae.
614 1504 786 1600 cf.5112:
809 1521 922 1582 ruuttu
939 1520 1078 1598 rucdc'cc',
1103 1519 1217 1582 mutto
1233 1520 1494 1599 puberuutoree,
1516 1520 1691 1598 auricolae

410 1626 515 1689 etc‘oru
537 1628 649 1688 mutto
663 1628 925 1706 praesentiunt,
949 1629 1010 1690 sed
1030 1627 1167 1690 uultum
1189 1644 1308 1689 eorum
1326 1626 1578 1689 diutuutc'oueru
1597 1645 1687 1689 coco.

322 1788 326 1793 ,
449 1734 516 1795 Res
546 1734 699 1812 diuinae,
734 1754 817 1811 quae
847 1737 879 1795 in
914 1734 934 1813 5
969 1736 1022 1795 111
1058 1736 1296 1813 significantur,
1331 1736 1483 1795 nimirum
1514 1753 1569 1796 res
1602 1752 1692 1813 quae

409 1841 575 1903 fortuitae
598 1860 666 1903 3333
685 1845 907 1920 putantur
928 1846 1021 1919 sunt,
1051 1860 1189 1918 quarum
1211 1844 1396 1918 praesensio
1417 1846 1465 1903 est
1488 1842 1541 1920 (of.
1563 1844 1579 1901 Ι
1603 1840 1622 1920 5
1645 1840 1688 1918 9).

410 1950 581 2009 Posidonio
608 1951 705 2026 igitur
733 1953 801 2010 erat
828 1968 1021 2026 persuasum
1049 1951 1109 2009 has
1137 1968 1188 2009 res
1217 1950 1344 2010 divinas
1372 1950 1444 2028 (seu
1465 1951 1498 2009 in
1520 1950 1692 2010 artificiosa

410 2075 467 2116 seu
488 2057 520 2114 in
543 2058 681 2117 naturali
699 2056 907 2134 divinatione)
927 2058 969 2117 ab
986 2057 1171 2117 hominibus
1189 2058 1338 2133 cognosci
1355 2074 1451 2133 posse
1468 2075 1541 2117 oum
1560 2058 1691 2117 deorum

411 2166 498 2223 motu
526 2168 622 2238 atque
642 2165 783 2240 impulsu
805 2168 835 2223 et
857 2165 926 2224 sine
946 2182 992 2224 eo.
1023 2165 1142 2223 Verum
1164 2164 1191 2222 si
1212 2163 1344 2223 deorum
1367 2165 1527 2240 impulsus
1548 2165 1689 2239 abesset,

411 2291 476 2332 non
497 2272 725 2331 divinationem
747 2272 967 2346 appellandam
988 2288 1076 2345 esse,
1101 2271 1158 2330 sed
1179 2270 1219 2329 ad
1239 2272 1394 2330 rationem
1409 2272 1504 2330 modo
1518 2271 1693 2330 humanam

411 2380 578 2455 pertinere.
610 2379 796 2453 Quaeritur,
827 2395 924 2451 quam
953 2378 993 2436 ob
1022 2394 1153 2436 oausam
1181 2378 1259 2437 haec
1279 2378 1344 2437 duo
1364 2381 1429 2437 tam
1452 2378 1609 2437 subtiliter
1629 2378 1693 2437 dis·

410 2486 557 2545 tinxerit:
588 2502 680 2560 nam,
710 2485 794 2543 dicat
821 2484 911 2558 quis,
942 2483 1020 2557 quid
1049 2484 1130 2542 ratio
1158 2482 1197 2543 ad
1226 2501 1285 2543 nos
1315 2485 1467 2559 pertinet,
1498 2485 1525 2543 si
1554 2486 1620 2543 tota
1643 2501 1694 2543 res

411 2594 553 2669 impulsu
581 2593 714 2651 deorum
742 2591 868 2663 nititur;
898 2590 948 2648 sin
976 2591 1058 2649 ratio
1086 2591 1222 2667 suflicit,
1254 2608 1311 2650 our
1340 2608 1403 2650 non
1433 2591 1540 2666 potins
1561 2591 1693 2650 deorum

412 2702 551 2775 impetus
572 2699 693 2759 tollitur
713 2715 731 2757 e
751 2680 895 2756 doctrina
916 2695 1148 2756 divinationis?

458 2804 671 2883 Chrysippus
689 2802 846 2881 quidem,
870 2803 973 2878 inquit
990 2803 1099 2863 Cicero
1115 2804 1148 2862 II
1167 2802 1186 2882 5
1205 2804 1278 2881 130,
1304 2802 1556 2864 diuinationem
1573 2802 1695 2865 desiuit

413 2912 467 2973 his
494 2911 621 2972 uerbis:
648 2909 718 2971 rim
746 2911 1002 2987 coquosceutcru
1030 2912 1063 2971 et
1090 2909 1260 2972 uidentem
1288 2911 1320 2972 et
1348 2910 1572 2988 explicantem
1593 2910 1696 2989 siquo

415 3035 504 3097 quoe
532 3036 554 3079 u
582 3017 638 3079 dis
665 3015 864 3077 homiuibus
886 3016 1163 3093 portendentem
1191 3017 1346 3079 officium
1368 3020 1483 3079 autern
1505 3017 1579 3079 ctus
1594 3035 1695 3095 prue-

414 3142 551 3188 uoacerc
581 3124 638 3186 dei
668 3141 751 3202 erpa
778 3122 935 3212 toutucs
962 3126 1074 3186 moute
1103 3142 1174 3204 qua
1200 3124 1272 3186 ac‘ut
1300 3124 1455 3204 quidque
1480 3124 1693 3205 stputtc'ceut,

416 3250 517 3312 quem
552 3232 601 3293 od
631 3231 843 3309 modumque
873 3249 914 3292 cu
938 3234 1174 3309 procurentur
1205 3234 1310 3310 utque
1341 3232 1527 3311 capientur,
1566 3234 1606 3291 In
1637 3234 1696 3292 hac

415 3340 598 3400 definitione
617 3340 756 3414 impetus
777 3339 907 3396 divinus
927 3342 958 3398 et
979 3339 1061 3398 ratio
1082 3340 1223 3399 humana
1242 3357 1307 3399 non
1325 3340 1563 3400 discernuntur.
1588 3340 1697 3415 Neque

415 3448 580 3522 Antipater
601 3465 619 3506 a
642 3445 823 3521 Chrysippo
844 3445 1059 3521 discrepnisse
1081 3447 1221 3520 videtur;
1246 3448 1296 3506 sin
1318 3447 1443 3523 minue,
1467 3446 1697 3522 proculdubio

417 3555 631 3617 Clitomachus
659 3551 810 3629 (cumque
830 3571 867 3612 eo
889 3551 1012 3629 Cicero)
1036 3553 1226 3613 mentionem
1248 3554 1375 3614 fecisset
1395 3555 1493 3614 huius
1515 3549 1697 3630 discrepan-

416 3663 478 3722 tiae
503 3662 622 3720 eteius
644 3660 778 3735 vestigia
798 3661 831 3717 in
853 3658 935 3719 libro
956 3661 1097 3720 seeundo
1119 3678 1183 3719 non
1205 3661 1364 3720 abessent.
1396 3660 1458 3721 Sed
1481 3662 1698 3722 Clitomachus

317 3795 320 3800 -
416 3770 586 3844 disputans
608 3769 718 3827 contra
740 3766 957 3843 Chrysippum
978 3770 1008 3825 et
1026 3767 1245 3844 Antipatrum,
1270 3768 1476 3828 divinationis
1493 3769 1694 3846 defensoreS,

396 3874 604 3951 ¹praesertim
637 3873 777 3948 rogavit,
811 3873 943 3948 quinam
974 3876 1059 3932 osset
1091 3874 1205 3949 „locus
1236 3892 1273 3933 ao
1304 3872 1461 3935 materia''
1493 3875 1699 3936 divinationis

419 3983 466 4057 (II
498 3979 541 4059 55
564 3977 676 4064 assts)
706 3983 736 4038 et
765 3996 848 4054 quae
875 3983 959 4039 esset
986 3981 1055 4038 eius
1085 3979 1216 4056 „ratio”
1248 3981 1295 4057 (II
1321 3980 1364 4059 55
1389 3981 1532 4059 15-22).
1563 3985 1650 4059 Ergo
1672 3985 1699 4042 si

418 4090 491 4165 quis
532 4091 604 4164 post
645 4087 830 4148 Clitomachi
867 4087 953 4145 illam
991 4087 1230 4147 insectationem
1268 4090 1433 4148 etiamtum
1470 4089 1699 4149 divinationem

417 4196 587 4255 defendere
614 4194 776 4270 cupiebat,
809 4192 1024 4269 „materiam”
1054 4197 1085 4253 et
1114 4194 1318 4270 „rationem”
1349 4196 1555 4256 divinationis
1583 4197 1700 4257 afferre

371 4305 374 4310 ’
418 4303 552 4363 debebat
580 4305 676 4377 atque
700 4302 733 4360 id
755 4301 946 4361 Posidonius
968 4302 1050 4361 fecit.
1082 4303 1115 4360 Is
1137 4302 1221 4361 enim
1243 4303 1350 4378 posuit
1371 4301 1526 4379 „locum”
1550 4321 1587 4363 ac
1609 4321 1699 4379 „ma-

418 4407 555 4469 teriam”
577 4425 632 4468 res
653 4426 742 4486 quae
759 4407 926 4469 fortuitae
941 4426 1009 4470 3333
1024 4410 1249 4486 putuutur
1271 4410 1300 4487 (Ι
1317 4408 1337 4487 5
1353 4408 1402 4486 9),
1427 4428 1500 4470 cum
1515 4411 1547 4469 in
1564 4411 1699 4486 singulis

419 4516 543 4576 artibus
572 4516 616 4573 nil
644 4516 726 4574 forte
752 4516 804 4592 agi
834 4516 930 4591 vulgo
958 4518 1126 4591 putaretur
1156 4513 1246 4593 (115
1271 4514 1334 4592 16).
1365 4518 1434 4576 Hoc
1463 4516 1557 4576 modo
1577 4519 1699 4577 mutata

419 4624 487 4682 erat
514 4621 657 4682 definitio
677 4622 899 4697 divinationis,
931 4640 1027 4697 quam
1051 4622 1266 4683 Clitomachus
1288 4624 1496 4684 novissimam
1520 4623 1700 4684 Stoicorum

420 4731 471 4789 sui
498 4730 649 4804 temporis
678 4746 749 4788 esse
769 4729 874 4788 duxit:
904 4728 1155 4789 diuinationem
1178 4746 1247 4790 3333
1267 4747 1387 4790 eurum
1408 4735 1525 4791 rerum
1541 4729 1700 4808 proedic-

421 4836 549 4896 tc‘oueru
571 4838 602 4896 ct
618 4834 915 4912 prucseuac‘oueru,
942 4853 1031 4913 quoe
1052 4837 1194 4896 esseut
1215 4835 1397 4918 fortuitae,
1422 4855 1518 4913 quam
1541 4839 1700 4913 Antipatri

420 4942 637 5002 definitionem
665 4958 736 5001 esse
761 4940 1235 5018 inreputatHartielderus1).
1267 4943 1498 5005 Clitomachum
1519 4945 1702 5004 offendebat

456 5165 479 5233 1)
514 5183 540 5232 p.
562 5167 608 5230 19,
627 5165 670 5219 20.
