4125 6300
1007 1119 1070 1182 XV.

440 1416 519 1474 Plat.
552 1417 639 1491 Apol.
665 1434 691 1475 ο.
716 1415 821 1475 XXIX
850 1435 880 1492 p.
905 1417 990 1478 380
1025 1436 1089 1478 non
1123 1438 1196 1480 eum
1228 1423 1443 1497 Herwerdeno
1473 1426 1680 1485 Inserendum

397 1551 446 1607 est
467 1547 557 1627 ἐμήν.

996 1784 1077 1842 XVI.

438 2077 517 2135 Plat.
551 2077 626 2136 erit.
659 2094 684 2135 ο.
713 2078 790 2151 Vp.
816 2077 856 2136 46
876 2078 901 2135 A
924 2075 1081 2138 ἀδύνατον
1113 2077 1166 2139 καὶ
1198 2078 1301 2141 οὐκέτι
1333 2078 1399 2140 οἷόν
1431 2102 1469 2139 τε.
1514 2081 1600 2141 Sana
1631 2084 1679 2140 est

396 2211 486 2270 lectio
507 2211 633 2270 tradita.

984 2428 1083 2485 XVII.

436 2720 559 2778 IniurIa
591 2720 695 2778 Herw.
727 2720 840 2779 vitium
868 2720 966 2778 latere
994 2720 1177 2794 suspicatur
1204 2722 1236 2778 in
1267 2721 1345 2779 Plat.
1379 2722 1506 2781 Phaedo
1527 2742 1554 2782 ο.
1580 2724 1676 2782 LXVI

395 2829 426 2927 p.
452 2853 509 2911 118
530 2853 555 2910 Α
576 2851 660 2926 ταῦτ’
684 2851 838 2930 ἐρομένου
860 2851 957 2912 αὐτοῦ
978 2856 1036 2913 eet.

976 3167 1094 3226 XVIII.

435 3461 577 3535 Xenoph.
601 3461 702 3519 Anab.
728 3460 800 3536 18,
826 3460 863 3519 10
895 3457 979 3540 εἶχον
1011 3458 1046 3520 δὲ
1077 3458 1113 3520 τὰ
1145 3458 1287 3537 δρέπανα
1318 3461 1353 3522 ε’νι
1385 3466 1448 3524 τῶν
1479 3463 1605 3534 ἀξόνων
1633 3463 1699 3532 εἰς,

393 3593 525 3671 πλάγιον
556 3592 771 3670 ἀποτεταμένα
802 3592 855 3653 καὶ
886 3592 949 3654 ὑπὸ
976 3598 1039 3661 ταῖς
1068 3592 1192 3672 δίφροις
1220 3595 1262 3662 εἷς
1284 3600 1342 3674 γῆν
1362 3595 1517 3674 βλέποντα
1539 3597 1585 3665 ὡς
1606 3597 1673 3659 δια-

393 3726 519 3787 κόπτειν
556 3726 621 3806 ὁτῳ
656 3720 884 3807 ’ἐντυγχάνοιεν
918 3727 938 3806 ἡ
971 3725 1006 3787 δὲ
1038 3727 1150 3807 γνώμη
1183 3725 1222 3807 ἦν
1254 3710 1300 3796 ὥς
1331 3729 1373 3797 εἰς
1404 3728 1457 3797 τὰς
1484 3730 1584 3801 τάξεις
1611 3735 1674 3792 τῶν

390 3858 549 3939 Ἑλλήνων
580 3859 726 3921 ἐλώντων
757 3859 810 3920 καὶ
843 3858 1075 3939 ὃιακοιγόντων,
1118 3863 1177 3921 vix
1204 3863 1344 3938 genuIna
1374 3867 1450 3923 sunt
1478 3866 1575 3924 verba
1597 3864 1616 3943 ἡ
1640 3863 1674 3925 δὲ

393 3993 506 4072 γνώμη
528 3997 585 4053 oet.

971 4204 973 4208 ·
986 4183 1070 4241 XIX.

432 4479 508 4536 Iure
530 4479 634 4536 Herw.
661 4479 734 4553 [γε.
759 4495 805 4536 or.
832 4477 868 4535 12
892 4474 911 4554 ξ
936 4477 973 4537 18
994 4478 1110 4537 delevit
1132 4479 1230 4537 verba
1252 4477 1295 4545 εἰς
1315 4477 1371 4558 τὴν
1392 4479 1513 4540 ἐκείνου
1535 4480 1647 4560 ταφήν.

997 4791 1063 4850 XX.

431 5087 512 5146 Cum
541 5086 646 5144 Herw.
673 5083 769 5163 (anal.
794 5086 863 5145 erit.
888 5104 918 5161 p.
945 5085 996 5162 14)
1025 5089 1056 5145 et
1084 5087 1253 5162 Blaydesio
1281 5089 1367 5163 apud
1391 5088 1488 5164 Soph.
1513 5090 1672 5184 Antigpne

390 5237 438 5282 vs.
460 5219 521 5282 ’439
542 5220 779 5282 emendandum
800 5223 848 5281 est
865 5217 956 5283 Ἀλλὰ
977 5218 1078 5284 πάντα
1100 5215 1182 5282 τᾶλλ’
1206 5219 1296 5304 ἥσσω
1317 5219 1433 5304 λαβεῖν.
