4125 6300
964 751 1002 815 33

343 941 532 1019 philosopho
553 941 622 1002 eius
643 941 758 1018 placita
779 941 820 1002 ad
839 940 1023 1001 Ciceronem
1043 939 1228 1016 pervenisse
1246 944 1301 999 aut
1319 938 1488 999 verisimile
1505 942 1553 999 θεῖ
1571 942 1626 999 aut
1681 996 1684 1001 .

343 1053 477 1110 constat.
509 1049 723 1125 Philosophus
750 1050 802 1109 ille
830 1049 1002 1125 Chrysippi
1030 1049 1069 1106 de
1097 1048 1234 1107 oraculis
1263 1052 1293 1105 et
1314 1048 1354 1105 de
1374 1048 1506 1106 somniis
1527 1048 1626 1106 libros

344 1158 473 1217 novisse
499 1158 633 1231 eiusque
653 1157 818 1232 opiniones
841 1156 999 1214 refutasse
1020 1153 1160 1229 videtur,
1191 1172 1265 1213 nam
1288 1153 1366 1212 nihil
1388 1154 1450 1212 nisi
1471 1140 1627 1212 eiusmodi

343 1246 503 1339 exempla,
537 1280 620 1339 quae
650 1262 725 1322 inde
755 1263 872 1322 hausta
904 1262 1054 1320 videntur
1082 1261 1158 1319 locis
1193 1260 1331 1319 laudatis
1358 1260 1551 1319 invenimus.
1586 1261 1625 1318 In

344 1370 462 1445 quibus
482 1373 531 1430 ter
552 1386 668 1429 nomen
689 1366 948 1444 Antipatri1)‚
972 1385 1046 1427 cum
1068 1367 1240 1443 Chrysippi
1261 1368 1389 1427 nomine
1403 1368 1622 1442 coniunctum,

343 1477 460 1553 legitur
481 1479 577 1553 atque
597 1478 641 1536 ita
659 1480 695 1536 ut
712 1478 782 1537 eius
797 1467 987 1535 sententiam
1002 1493 1075 1534 cum
1091 1474 1271 1550 Chrysippo
1286 1474 1474 1534 convenisse
1488 1478 1627 1534 statuere

342 1584 447 1657 liceat;
480 1585 530 1643 sin
562 1585 687 1659 minua,
722 1582 894 1660 Chrysippi
923 1586 954 1641 et
981 1582 1140 1657 Antipatri
1167 1582 1351 1656 opinionum
1381 1560 1626 1656 discrepantiam

345 1690 454 1751 Cicero
482 1708 546 1750 non
571 1691 784 1766 praeterisset.
818 1689 882 1750 Sed
903 1689 963 1748 hoc
984 1689 1096 1748 saltem
1117 1706 1156 1747 ex
1177 1688 1238 1747 illis
1259 1688 1350 1762 iccio,
1381 1688 1437 1747 ubi
1458 1688 1625 1746 amborum

344 1798 517 1858 auctoritas
545 1798 694 1881 affertur,
725 1797 883 1873 colligitur
910 1796 1030 1855 fontem
1051 1796 1239 1870 primarium
1261 1794 1333 1853 libri
1356 1795 1487 1854 secundi
1508 1794 1627 1853 vixisse

344 1907 416 1980 post
443 1905 656 1980 Antipatrum.
688 1904 796 1973 Quare
824 1904 877 1962 vix
898 1920 980 1979 opus
1003 1906 1051 1961 θεῖ
1073 1902 1269 1978 Diogenis
1291 1902 1482 1961 mentionem
1503 1902 1623 1977 facere,

345 2012 399 2086 qui
427 2014 501 2071 ante
527 2012 730 2087 Antipatrum
758 2012 837 2070 vixit
864 2014 895 2070 et
915 2013 1088 2099 praeterea⁸
1101 2009 1230 2068 nonnisi
1251 2006 1337 2084 bis2)
1361 2010 1627 2068 commemoratur

344 2121 374 2177 θῖ
402 2136 439 2178 θο
465 2121 557 2194 pacto
585 2120 660 2178 uta
683 2118 834 2179 Cicerone
854 2092 923 2177 eius
945 2117 1100 2193 scriptum
1122 2116 1250 2191 aliquod
1272 2116 1448 2174 adhibitum
1470 2132 1626 2175 essenon

345 2226 500 2285 videatur.
537 2225 600 2286 Sed
629 2225 853 2285 Panaetius
881 2242 976 2300 quem
1004 2223 1210 2282 divinationis
1239 2225 1361 2297 partem
1391 2222 1536 2282 reiecisse
1562 2222 1626 2281 iam

345 2332 470 2408 monui,
501 2333 613 2408 procul
633 2331 732 2391 dubio
755 2329 799 2409 ἐξ
821 2330 984 2391 otc-9711
1007 2330 1169 2391 Ciceronis
1191 2330 1264 2388 fons
1285 2330 1361 2404 luit,
1391 2344 1465 2389 nam
1486 2330 1642 2404 primum

344 2438 413 2514 ipse
440 2439 563 2498 Tullius
590 2457 664 2499 eum
693 2456 728 2499 se
755 2439 846 2514 sequi
874 2438 1043 2514 profitetur
1053 2436 1091 2514 3),
1122 2437 1237 2495 deinde
1266 2434 1301 2513 (ᾖ
1324 2433 1376 2511 88)
1402 2436 1518 2512 Scylax
1540 2436 1626 2495 Hali-

344 2546 529 2605 carnassius
549 2549 714 2621 tamquam
735 2546 902 2605 familiaris
923 2546 992 2604 eius
1014 2545 1142 2604 nomine
1162 2544 1313 2603 laudatur
1334 2545 1364 2602 et
1385 2542 1458 2618 quis
1480 2543 1541 2603 nisi
1558 2543 1627 2618 ipse

345 2653 517 2711 Panaetius
539 2653 624 2712 hanc
643 2653 889 2712 familiaritatem
910 2650 1071 2728 attingat?
1094 2652 1221 2711 Accedit
1244 2649 1343 2727 (quod
1365 2650 1493 2726 quidem
1514 2667 1571 2726 per
1592 2667 1627 2709 se

344 2760 414 2819 leve
433 2763 498 2836 θεῖ,
523 2760 579 2819 sed
600 2762 776 2820 ceterorum
798 2763 1062 2835 argumentorum
1083 2760 1177 2834 quasi
1198 2758 1417 2817 adiumentum
1440 2774 1504 2816 non
1522 2758 1626 2833 negle-

335 2865 515 2943 gendum),
547 2868 633 2943 quod
660 2869 693 2926 in
721 2867 782 2927 hac
808 2868 882 2926 libri
909 2867 1042 2927 secundi
1069 2870 1160 2942 parte
1187 2867 1286 2925 multa
1310 2866 1350 2924 de
1370 2866 1456 2925 caelo
1476 2866 1627 2925 dicuntur

341 2961 596 3050 ¹Panaetiumque
623 2974 727 3033 rebus¹
748 2974 936 3035 caelestibus
962 2974 1127 3032 studuisse
1147 2974 1293 3047 apertum
1314 2975 1362 3031 est
1383 2989 1401 3030 θ
1421 2972 1503 3031 libro
1524 2972 1627 3047 primo

345 3080 385 3139 de
411 3082 573 3158 republica
603 3079 623 3160 ᾖ
647 3080 732 3159 15⁴).
765 3081 831 3142 Cur
852 3082 959 3159 potius
980 3080 1123 3140 Panaetii
1145 3097 1242 3156 quam
1264 3080 1394 3139 alterius
1417 3079 1570 3156 scriptum
1593 3078 1632 3138 in·

345 3189 442 3248 rebus
464 3189 642 3249 Chaldaicis
663 3189 844 3249 adhibuerit
865 3189 990 3264 Cicero,
1015 3191 1125 3264 postea
1146 3189 1304 3264 explicare
1325 3187 1473 3247 conabor.
1497 3185 1541 3263 (p.
1559 3184 1623 3262 41).

386 3296 555 3371 Epicuri
585 3299 691 3356 autem
724 3296 1104 3371 Epicureorumque
1133 3295 1233 3353 libros
1261 3295 1412 3369 quoniam
1441 3310 1534 3353 nemo
1561 3294 1627 3353 lere

345 3402 378 3459 in
405 3419 522 3461 manus
547 3403 685 3478 sumpsit
706 3402 867 3463 Ciceronis
888 3402 1086 3477 temporibus
1097 3399 1136 3477 ὅ),
1161 3419 1249 3460 nunc
1269 3401 1309 3459 ad
1333 3400 1626 3460 Dicaearchum

346 3514 376 3566 et
393 3508 647 3584 -Cratippum
678 3509 817 3569 transire
843 3509 936 3568 nobis
963 3509 1043 3568 licet.
1079 3508 1136 3566 llle
1164 3525 1228 3566 non
1256 3507 1407 3566 laudatur
1435 3507 1496 3566 nisi
1526 3505 1545 3584 ᾗ
1570 3506 1630 3566 100

346 3632 411 3673 una
438 3632 512 3674 cum
537 3617 688 3691 Cratippo
708 3617 805 3691 atque
824 3633 862 3674 eo
882 3615 993 3691 modo,
1023 3617 1060 3674 ut
1080 3612 1202 3674 ceteris
1224 3612 1403 3674 Dicaercbc'
1422 3614 1539 3672 librum
1562 3617 1625 3673 non

346 3721 523 3781 adhibitum
550 3740 622 3782 esse
641 3725 756 3798 pateat.
788 3723 898 3782 Potius
921 3722 1064 3798 Cratippi
1082 3716 1203 3780 'librum
1225 3724 1418 3796 usurpatum
1440 3721 1623 3796 arbitreris,

346 3831 442 3904 atque
471 3826 491 3906 ᾖ
515 3829 571 3889 105
600 3846 635 3889 re
662 3847 754 3906 vera,
785 3830 825 3889 de
850 3830 969 3904 quibus
990 3830 1088 3888 rebus
1110 3828 1142 3887 in
1164 3846 1201 3888 eo
1222 3831 1328 3887 actum
1351 3830 1407 3903 sit,
1439 3829 1623 3903 exponitur,

347 3936 403 3995 sed
424 3954 489 3996 non
511 3953 640 3997 necesse
659 3939 707 3996 est
729 3938 857 3997 credere
878 3937 1062 3997 Ciceronem
1083 3937 1189 4012 ipsum
1211 3952 1294 4010 opus
1314 3936 1392 3993 illud
1414 3935 1623 3995 consuluisse.

347 4041 533 4118 Cratippum
554 4044 674 4103 fontem
695 4061 766 4103 esse
786 4043 819 4102 in
843 4040 887 4121 ἐξ
911 4043 968 4103 100
989 4060 1060 4119 sqq.
1085 4044 1188 4118 primo
1209 4035 1323 4102 obtutu
1345 4043 1513 4102 crediderit
1533 4043 1623 4119 quis,

347 4149 402 4208 sed
430 4150 457 4208 si
485 4149 545 4209 hoc
572 4151 703 4227 damus,
735 4152 829 4210 etiam
857 4151 1040 4211 Ciceronem
1062 4167 1122 4209 suo
1142 4151 1244 4209 Marte
1265 4151 1347 4209 inter
1369 4167 1403 4209 se
1424 4166 1627 4224 comparasse

346 4255 406 4316 hoc
439 4257 507 4316 loco
542 4257 684 4333 Cratippi
715 4258 909 4333 Epicurique
939 4258 1105 4333 opiniones
1137 4257 1317 4332 putandum
1348 4259 1412 4333 θεῖ,
1450 4257 1552 4332 quod,
1591 4260 1627 4316 ut

347 4380 446 4439 supra
476 4344 784 4441 demonstravimus,
819 4364 906 4423 haud
934 4365 1098 4440 probabile
1125 4368 1182 4424 est.
1218 4365 1337 4423 Deinde
1365 4381 1422 4422 cur
1450 4363 1626 4438 Epicurum

346 4469 398 4529 hic
424 4471 640 4546 disputantem
668 4471 763 4530 iaciat
791 4471 915 4530 Tullius
943 4473 998 4546 qui
1027 4471 1203 4546 Epicurum
1233 4469 1394 4547 neglegit?
1426 4470 1502 4531 Sine
1529 4471 1626 4529 dubio

381 4693 403 4760 1)
439 4693 707 4764 §§35,101‚144.

380 4782 403 4845 ἵ)
439 4782 541 4853 §§90‚
562 4784 621 4838 101.

380 4871 403 4942 ³)
438 4871 517 4942 597.

380 4961 403 5028 ⁴)
440 4981 516 5030 qaam
533 4963 619 5015 vellem
636 4963 790 5014 Panaetium
807 4971 919 5015 boati-ram
936 4964 1064 5016 nobiscum
1082 4964 1241 5028 haberemus,
1261 4964 1306 5031 qui
1324 4981 1379 5014 com
1397 4971 1478 5014 cetera
1497 4971 1548 5015 tum
1566 4964 1626 5016 baec

345 5052 463 5104 caeleatic
480 5053 518 5104 vel
536 5052 715 5104 studiosissime
733 5053 795 5104 colet
813 5071 941 5120 quaerere.

381 5139 405 5207 5)
441 5141 493 5194 Cio.
508 5142 584 5194 Tuao.
598 5142 628 5193 II
643 5140 661 5211 §
674 5142 699 5195 8.
716 5173 747 5180 —
767 5143 875 5210 Epicuri
894 5160 987 5195 nomen
1006 5143 1110 5211 quidem
1132 5143 1278 5194 invenimus
1299 5142 1331 5193 do
1350 5137 1556 5212 div.11§§40‚
1577 5145 1625 5209 51,

346 5231 394 5297 59,
416 5231 480 5296 103,
502 5231 565 5298 104,
587 5232 645 5287 116.
