4125 6300
864 766 998 835 '17

338 965 393 1023 aut
424 960 562 1024 Graecos
594 959 792 1039 praelerebat
824 965 879 1023 aut
910 961 1019 1041 (atque
1047 962 1079 1023 id
1109 963 1175 1023 veri
1204 960 1340 1023 similius
1368 956 1429 1041 est)
1460 958 1620 1023 Posidonii

338 1088 433 1146 opere
460 1074 555 1130 utens
582 1072 646 1131 iam
674 1072 706 1129 in
736 1088 772 1130 ea
801 1071 955 1131 Graecam
978 1072 1064 1130 illam
1094 1071 1183 1130 Fabii
1213 1072 1427 1130 narrationem
1449 1069 1617 1145 invenitl).

341 1176 505 1254 (Similiter
526 1178 657 1237 Persius
681 1176 762 1254 (Sat.
780 1178 806 1236 V
828 1178 883 1237 161
907 1177 994 1253 sqq.)
1018 1196 1082 1237 non
1105 1178 1242 1237 Terentii
1262 1178 1456 1237 Eunuchum
1475 1178 1617 1249 adhibet,

338 1286 374 1343 ut
401 1301 440 1343 ex
467 1284 651 1343 nominibus
680 1284 819 1360 propriis
847 1287 997 1360 apparet,
1032 1285 1088 1343 sed
1117 1285 1284 1343 Menandri
1312 1284 1471 1359 fabulam,
1504 1285 1621 1359 quippe

338 1408 421 1465 quae
440 1392 504 1451 iam
525 1392 557 1450 in
576 1392 664 1451 ionte
683 1391 788 1451 Stoico
805 1394 836 1451 et
851 1392 988 1466 Graeco,
1014 1409 1109 1466 quem
1128 1392 1301 1467 expressit,
1326 1391 1353 1450 ei
1368 1395 1495 1467 praesto
1509 1390 1619 1466 esset.)

379 1498 519 1558 Caelium
541 1501 647 1558 autem
669 1516 732 1557 non
754 1499 877 1574 ipsum,
903 1499 959 1558 sed
980 1499 1150 1574 epitomam
1174 1498 1394 1589 Caelianorum
1419 1516 1437 1558 a
1459 1500 1500 1557 M.
1527 1500 1621 1557 Iunio

339 1606 440 1663 Bruto
466 1606 673 1680 compositam
702 1605 885 1665 Ciceronem
913 1606 1099 1665 adhibuisse
1121 1606 1188 1665 veri
1210 1605 1311 1664 simile
1332 1608 1396 1680 est,
1430 1606 1516 1680 quod
1537 1606 1621 1664 hanc

338 1712 507 1788 epitomem
534 1730 600 1772 una
628 1730 701 1771 cum
729 1712 871 1772 Panaetii
899 1712 981 1771 libro
1008 1710 1080 1789 napi
1107 1710 1260 1789 προνοίας
1270 1710 1296 1788 2)
1326 1714 1361 1771 ut
1383 1712 1444 1770 sibi
1466 1713 1618 1788 mitteret,

338 1818 379 1877 ab
399 1819 501 1878 Attico
521 1819 631 1894 petivit
652 1819 685 1877 in
707 1819 856 1895 epistola,
885 1816 918 1878 a⁰
939 1820 977 1879 45
999 1822 1074 1878 ante
1095 1818 1174 1877 Idus
1196 1818 1307 1877 Iunias
1330 1819 1447 1894 scripta
1471 1817 1515 1895 (et
1536 1836 1621 1877 anno

338 1930 410 1999 post
430 1925 503 1984 libri
523 1926 563 1985 de
583 1926 778 1984 divinatione
798 1926 874 1985 editi
895 1923 997 2001 sunt).
1031 1926 1142 1985 Cetera
1165 1942 1240 1984 vero
1262 1942 1344 1999 quae
1367 1924 1475 1984 Cicero
1497 1943 1536 1984 ex
1557 1926 1621 1983 his·

338 2032 418 2091 toria
447 2032 590 2091 Romana
618 2032 791 2107 prompsit,
823 2049 887 2091 non
916 2032 987 2091 aliis
1015 2032 1158 2091 lontibus
1187 2031 1329 2106 praebita
1352 2034 1444 2106 sunt,
1475 2032 1531 2090 sed
1553 2032 1621 2107 ipse

339 2138 447 2197 Cicero
468 2139 545 2198 haec
566 2138 747 2198 memoriter
768 2139 899 2214 protulit
919 2141 975 2198 aut
996 2138 1189 2214 exemplaria
1212 2138 1323 2197 Latina
1345 2138 1492 2213 inspexit.

379 2246 488 2305 Restat
515 2248 551 2305 ut
581 2245 763 2305 Silenum
792 2264 856 2305 non
884 2246 989 2322 ipsum
1019 2245 1197 2305 adhibitum
1219 2263 1290 2304 esse
1311 2246 1566 2305 demonstremus
1577 2244 1620 2322 3):

339 2369 413 2410 nam
434 2352 558 2412 etiamsi
579 2370 631 2412 res
653 2352 844 2412 Hannibahs
865 2352 999 2427 eiusque
1020 2353 1144 2411 somnia
1162 2353 1248 2427 apud
1264 2352 1405 2412 Caelium
1420 2353 1461 2411 ad
1478 2352 1621 2412 Silenum

338 2459 381 2517 ita
412 2458 624 2534 referrentur,
658 2461 694 2517 ut
727 2458 825 2517 Sileni
857 2475 971 2517 nomen
1003 2458 1148 2518 additum
1180 2460 1279 2533 esset,
1314 2461 1420 2517 tamen
1449 2459 1621 2518 admodum

339 2564 472 2624 dublum
503 2568 603 2641 esset,
637 2548 716 2624 num
748 2566 870 2624 Brutus
901 2566 934 2624 in
964 2565 1186 2625 Ocellanorum
1214 2565 1350 2641 epitoma
1380 2565 1478 2625 Sileni
1506 2583 1620 2625 nomen

339 2673 549 2747 apposuisset.
584 2674 623 2731 At
654 2690 695 2731 ne
725 2673 785 2731 hoc
815 2672 943 2747 quidem
975 2688 1127 2731 concesso
1158 2672 1201 2731 ita
1232 2671 1424 2747 explicatur,
1463 2673 1622 2747 quomodo

338 2778 483 2837 inciderit
512 2779 545 2838 in
578 2779 719 2839 (laelium
750 2780 861 2838 eiusve
890 2779 1061 2854 epitomem
1093 2779 1273 2838 adhibuerit
1305 2796 1408 2853 neque
1437 2797 1494 2838 cur
1524 2779 1622 2839 Sileni

339 2903 454 2944 nomen
486 2889 642 2945 occurrat.
677 2887 769 2945 Hanc
800 2903 867 2945 rem
898 2903 964 2945 uno
995 2888 1121 2945 tantum
1153 2886 1247 2945 modo
1278 2886 1445 2945 enucleare
1476 2903 1618 2961 possum.

341 2990 375 3049 Si
397 2992 587 3051 Posidonius
607 2992 751 3068 exempla
773 2993 873 3051 multa
894 2992 1044 3051 historica
1066 2992 1197 3068 protulit
1218 3008 1318 3066 eaque
1340 2992 1449 3051 Cicero
1471 2992 1503 3050 in
1526 3010 1621 3051 suum

339 3114 434 3157 usum
463 3099 634 3176 convertit,
666 3100 720 3159 sed
749 3099 782 3159 in
810 3099 870 3159 hoo
897 3100 967 3175 ipso
988 3115 1083 3175 opere
1104 3096 1297 3175 perficiendo
1319 3099 1456 3159 Atticum
1478 3100 1618 3176 rogavit,

338 3209 375 3264 ut
396 3206 456 3264 sibi
478 3207 700 3267 (laelianorum
716 3208 886 3283 epitomam
901 3207 1054 3282 mitteret,
1079 3208 1138 3266 has
1154 3207 1314 3267 Ciceronis
1330 3225 1439 3282 preces
1454 3208 1622 3266 cohaerere

339 3316 471 3388 apparet
491 3332 564 3373 cum
585 3316 803 3389 exemplorum
824 3332 842 3373 e
863 3314 1033 3373 Posidonio
1055 3317 1256 3396 sumptorum
1277 3314 1423 3373 versione
1439 3315 1568 3391 Latina,
1592 3321 1622 3374 et

342 3420 440 3479 Sileni
471 3438 586 3480 nomen
618 3422 781 3497 designat,
816 3438 900 3495 quae
930 3421 1008 3480 haec
1040 3422 1081 3480 sit
1113 3422 1322 3480 necessitudo.
1360 3421 1513 3498 Suspicor
1538 3423 1621 3481 enim

340 3527 522 3587 Ciceronem
557 3529 643 3604 apud
678 3528 885 3587 Posidonium
921 3528 1113 3587 Hannibalis
1149 3529 1272 3587 somnia
1308 3527 1405 3587 Sileni
1437 3529 1623 3588 auctoritate

339 3635 455 3694 tradita
480 3636 657 3710 invenisse,
689 3641 719 3694 et
741 3653 777 3694 ea
799 3635 984 3693 eversione
1006 3635 1154 3695 Caeliana
1176 3652 1303 3694 sumere
1326 3633 1431 3711 (cuius
1452 3636 1621 3712 epitomam

339 3757 358 3798 a
380 3741 481 3800 Bruto
501 3742 709 3817 compositam
731 3758 795 3799 non
817 3739 1008 3817 ignoravit),
1033 3757 1131 3815 quam
1153 3758 1170 3799 e
1191 3741 1312 3800 Graeco
1333 3740 1420 3800 fonte
1441 3758 1500 3800 suo
1522 3743 1623 3801 Marte

339 3851 523 3907 convertere
544 3849 704 3907 maluisse.
730 3848 807 3907 Utut
821 3848 886 3922 est,
911 3845 1118 3906 Posidonium
1134 3847 1196 3906 iam
1215 3846 1356 3906 Silenum
1372 3864 1442 3906 esse
1457 3851 1620 3924 secutum,

339 3951 452 4013 deinde
476 3955 659 4014 Ciceronem
682 3955 888 4013 Posidonium
910 3954 1052 4013 adhibita
1075 3954 1171 4013 Caelii
1192 3955 1327 4029 epitoma
1349 3954 1473 4014 facilius
1495 3956 1620 4014 credam

340 4077 436 4134 quam
458 4062 596 4120 Tullium
621 4061 764 4121 Silenum
786 4061 892 4136 ipsum
911 4064 1024 4136 sponte
1039 4062 1154 4120 adisse.
1179 4062 1259 4119 Nam
1275 4061 1351 4135 quid
1367 4061 1478 4121 habuit
1494 4063 1618 4138 Cicero,

339 4185 397 4226 cur
424 4169 554 4227 omnino
584 4168 726 4227 Silenum
755 4169 913 4227 conferret
938 4186 1011 4228 cum
1033 4168 1204 4227 Posidonio
1226 4169 1275 4226 vel
1297 4185 1368 4227 oum
1392 4168 1512 4244 (laelio,
1544 4169 1621 4243 quin

339 4275 433 4335 etiam
464 4294 522 4335 cur
551 4276 691 4336 Caelium
719 4276 870 4336 adhibere
899 4274 1024 4334 voluit?
1058 4276 1127 4334 Hae
1154 4275 1237 4333 duae
1265 4292 1316 4332 res
1345 4292 1414 4334 mea
1442 4276 1622 4335 coniectura

339 4383 547 4458 explicantur.

379 4490 560 4565 Postremo,
592 4508 632 4549 ne
659 4491 736 4565 quid
765 4491 943 4566 neglectum
971 4506 1043 4548 esse
1065 4489 1227 4563 videatur,
1258 4489 1342 4547 inira
1364 4489 1395 4546 in
1418 4491 1623 4548 annotatione

339 4597 493 4656 laudabo
511 4599 613 4674 locos,
652 4598 707 4656 ubi
743 4598 915 4657 annales
952 4597 1037 4655 allati
1074 4599 1150 4654 sunt
1181 4595 1268 4653 nullo
1300 4596 1427 4654 nomine
1459 4598 1622 4671 scriptoris

339 4704 460 4764 adiecto
469 4702 512 4780 ⁴);
542 4707 598 4765 sed
626 4706 704 4764 haec
733 4704 837 4764 Caelio
858 4721 988 4779 quoque
1008 4703 1116 4762 deberi
1138 4703 1264 4761 initium
1286 4702 1398 4777 capitis
1420 4703 1458 4762 26
1479 4702 1618 4780 docet5).

375 4897 398 4964 1)
433 4899 507 4950 Fabii
517 4867 629 4951 'annales
646 4900 733 4951 Latini
749 4899 865 4951 Ciceroni
881 4899 936 4950 noti
952 4907 1040 4963 erant,
1060 4901 1090 4950 cl.
1104 4899 1136 4950 dc
1155 4917 1192 4950 or.
1208 4900 1249 4961 Il,
1270 4901 1348 4966 §5:²3
1368 4899 1400 4950 de
1417 4901 1481 4966 legg.
1497 4901 1525 4964 1,
1545 4899 1576 4961 2,
1597 4901 1620 4954 6.

374 4987 396 5053 ²)
433 4988 485 5040 Cic.
504 4990 577 5055 epist.
597 4988 630 5039 ad
650 4989 726 5040 attic.
746 4989 832 5052 XIII,
852 4987 877 5041 8.

374 5076 386 5115 ³
433 5077 468 5129 24
500 5080 544 5130 4.

373 5084 397 5234 44
436 5118 482 5232 17:
502 5079 551 5233 343
574 5169 619 5232 19,
639 5169 688 5233 33;
707 5167 758 5232 24,
777 5169 825 5228 51;
845 5168 893 5231 40,
913 5167 962 5233 80;
982 5170 1031 5231 44,
1054 5168 1104 5222 100
1123 5179 1146 5219 ct
1169 5169 1226 5222 101.

373 5255 396 5327 5)
432 5276 515 5311 manea
534 5259 578 5311 loc
597 5258 709 5312 historici
727 5258 805 5310 Fabii
826 5257 906 5312 Getta
924 5259 967 5312 aed
981 5276 1103 5328 proxuma
1124 5257 1234 5314 Caelius.
