4125 6300
990 1102 1044 1161 IX.

419 1403 489 1462 Iuv.
532 1403 558 1460 X
594 1401 652 1460 294
685 1418 743 1475 pro
776 1400 979 1458 substantivo
1009 1397 1155 1476 pibbum
1186 1398 1356 1475 legendum
1388 1405 1436 1456 est
1467 1397 1657 1456 adieetivum

377 1534 519 1613 pibbam
542 1534 599 1611 (so.
624 1532 761 1609 faeiem).

998 1827 1035 1885 X.

419 2123 512 2197 Apud
544 2123 760 2197 Augustinum
793 2122 937 2181 confess
972 2122 1005 2179 ΙΙ
1039 2138 1064 2179 ο.
1099 2120 1117 2178 4
1151 2120 1196 2197 (p.
1232 2120 1270 2180 29
1302 2120 1350 2178 ed.
1386 2118 1493 2195 Kniill)
1528 2120 1657 2195 vulgata

378 2256 468 2315 leotio
496 2272 556 2315 neo
577 2253 733 2332 penuria
752 2254 813 2315 sed
833 2253 979 2314 fastidio
1001 2257 1144 2329 praestat
1164 2255 1289 2313 leotioni
1310 2272 1407 2329 quam
1429 2255 1522 2313 Knofl
1543 2254 1660 2329 reoepit

378 2388 449 2449 nisi
465 2388 619 2466 penure'a
640 2391 672 2449 ei
692 2387 849 2449 fastidio.

990 2684 1045 2741 xi.
1118 2660 1127 2676 '

419 2978 509 3037 Plato
536 2978 625 3053 Apol.
650 2995 676 3036 o.
701 2979 716 3036 I
738 2996 768 3052 p.
795 2977 832 3035 17
852 2977 878 3034 A
900 2978 1124 3037 Hartmannus
1152 2978 1222 3035 iure
1245 2978 1360 3035 delevIt
1381 2979 1444 3035 τῶν
1464 2974 1591 3036 πολλῶν
1613 2972 1660 3037 ὧν

379 3109 561 3190 ἐψεύσαντο.

978 3350 1054 3411 XII.

418 3647 488 3706 Non
520 3649 568 3705 est
599 3613 658 3706 om·
684 3665 757 3705 oum
785 3647 969 3722 Hirsohigio
996 3648 1082 3722 apud
1112 3648 1275 3706 Platonem
1297 3647 1386 3722 Apol.
1412 3664 1438 3705 ο.
1463 3645 1496 3704 ΙΙ
1519 3665 1549 3720 p.
1577 3646 1659 3706 180

378 3781 540 3840 deleamus
561 3779 823 3858 ἀπολογουμένου
844 3778 985 3846 οὐδενός.

969 4083 1061 4152 XIII.

419 4368 558 4426 Dubium
586 4370 635 4426 est
661 4385 739 4426 num
761 4369 858 4427 verbe
880 4366 934 4427 καὶ
954 4366 1169 4445 ἀπολογητέον
1189 4368 1222 4426 in
1244 4369 1310 4426 fine
1331 4368 1500 4443 Apologiae
1521 4387 1546 4428 o.
1572 4371 1605 4428 II
1626 4371 1659 4427 In

379 4501 592 4576 suspicionem
614 4502 679 4560 sint
700 4503 853 4561 vocanda.

980 4796 1061 4854 XIV.

419 5064 553 5122 Etiamsi
584 5064 616 5121 in
644 5064 732 5138 Apol.
757 5071 794 5122 o.
809 5064 871 5121 XII
893 5081 923 5138 p.
948 5063 1034 5122 2313
1064 5081 1137 5122 oum
1167 5063 1285 5122 Cobeto
1313 5061 1412 5122 οὑτοιί
1437 5063 1572 5139 legimus
1601 5081 1660 5138 pro

379 5193 481 5274 οὗτοι,
505 5200 611 5258 tamen
633 5215 698 5257 non
719 5198 889 5258 delendum
912 5214 983 5258 esse
1004 5197 1131 5256 videtur
1152 5194 1183 5256 oi
1204 5193 1354 5256 δικασταί.
