4125 6300
987 798 1004 856 7

355 980 483 1056 probari
519 980 644 1039 dicitur.
685 982 744 1040 His
782 983 879 1041 rebus
915 984 1067 1059 expositis
1104 985 1278 1060 posteriorc
1314 989 1404 1061 parte
1439 986 1512 1047 libri
1543 987 1637 1062 primi

355 1087 525 1146 Posidonio
543 1091 671 1146 auctore
691 1087 725 1166 (ξ
743 1088 813 1164 125)
832 1090 1060 1149 divinationem
1078 1092 1164 1151 ducit
1179 1092 1319 1161 Quintus
1342 1111 1360 1152 a
1382 1093 1468 1169 deo,
1493 1111 1511 1152 a
1533 1094 1633 1169 fato,

355 1212 373 1253 a
401 1198 566 1269 natura,
602 1195 724 1254 reiectis
751 1198 857 1254 tamen
887 1198 1061 1273 sortilegis,
1094 1200 1335 1275 psychomantia
1364 1200 1498 1274 aliisque
1526 1218 1636 1275 supcr-

355 1301 552 1376 stitionibus,
584 1304 643 1360 etsi
671 1301 734 1361 iam
763 1307 855 1362 antea
886 1302 945 1380 (§§
969 1304 1023 1380 64,
1054 1304 1106 1382 81)
1130 1307 1348 1380 quaestionem
1370 1307 1410 1365 de
1430 1307 1536 1366 causis
1558 1308 1636 1365 divi-

355 1407 493 1467 nationis
514 1410 671 1485 attigerat.

260 1511 278 1589 §
303 1511 339 1573 2.
392 1516 430 1574 In
462 1517 543 1575 libro
571 1518 752 1576 secundo
780 1535 882 1593 pauca
911 1520 1035 1578 Tullius
1063 1520 1229 1594 praefatur
1256 1521 1295 1579 de
1323 1521 1390 1579 suis
1420 1520 1638 1595 philosophiae

354 1623 469 1681 studiis
496 1623 651 1697 librisque
676 1624 796 1684 dehac
818 1643 852 1683 re
873 1644 891 1684 a
913 1642 947 1684 se
969 1626 1096 1701 scriptis
1117 1630 1147 1685 et
1169 1627 1418 1702 philosophiam,
1450 1628 1636 1702 praesertim

354 1746 425 1787 cum
455 1728 702 1790 consolationem
728 1735 831 1790 status
858 1733 965 1790 miseri
991 1734 1037 1791 rei
1059 1733 1203 1807 publicae
1223 1734 1390 1809 praebeat,
1422 1734 1546 1793 civibus
1569 1735 1637 1792 suis

354 1837 553 1895 commendat
576 1836 755 1915 (§§1·8).
780 1839 911 1897 Initium
933 1839 1008 1898 tacit
1029 1858 1047 1898 a
1068 1840 1242 1899 Carneadis
1263 1841 1502 1899 ratiocinatione
1516 1841 1637 1899 nullam

354 1944 581 2002 divinationem
608 1962 679 2003 esse
706 1963 810 2020 neque
836 1962 947 2004 earum
976 1964 1084 2005 rerum
1113 1964 1195 2021 quae
1225 1947 1373 2005 sensibus
1402 1947 1634 2023 percipiantur,

354 2067 458 2124 neque
484 2068 596 2109 earum
624 2069 706 2125 quae
733 2055 801 2111 arte
828 2055 1019 2127 tractentur,
1051 2071 1155 2127 neque
1184 2071 1295 2112 earum
1317 2054 1453 2128 quaein
1476 2055 1637 2129 republica

355 2161 537 2230 versentur;
567 2158 701 2232 proinde
728 2160 849 2218 nullam
877 2177 948 2218 esse
975 2160 1181 2219 divinationis
1210 2163 1374 2234 tamquam
1396 2162 1568 2220 materiem.
1604 2160 1638 2221 Si

354 2264 482 2323 futurae
509 2282 560 2323 res
586 2265 735 2324 fortuitae
756 2266 836 2341 sint,
861 2266 1119 2341 praesensionem
1141 2284 1252 2325 earum
1274 2268 1404 2325 omnino
1426 2270 1552 2326 exstare
1573 2285 1636 2326 non

354 2388 464 2445 posse,
499 2372 574 2445 quia
607 2372 634 2430 si
665 2373 742 2446 quid
773 2373 940 2431 fortuitum
973 2374 1029 2448 sit,
1065 2391 1130 2432 non
1163 2376 1352 2449 praesentiri
1381 2376 1498 2449 possit,
1534 2392 1637 2448 neque

354 2480 439 2551 quod
472 2480 705 2553 praesentiatur
736 2480 903 2538 fortuitum
933 2482 984 2539 sit.
1020 2480 1077 2539 Sin
1106 2499 1178 2539 cum
1209 2481 1323 2540 Stoicis
1353 2484 1503 2556 putemus
1531 2483 1637 2540 omnia

355 2585 419 2643 fato
437 2603 508 2643 esse
525 2586 683 2660 subiecta,
708 2587 934 2645 divinationem
950 2588 1042 2645 nobis
1058 2588 1136 2645 nihil
1151 2588 1319 2663 prodesse,
1345 2605 1418 2646 cum
1433 2588 1636 2646 nihilosecius

354 2690 432 2749 illud
460 2693 532 2766 fiat,
564 2692 649 2766 quod
677 2694 824 2751 futurum
853 2694 903 2751 sit.
938 2694 977 2751 At
1006 2694 1032 2752 si
1062 2694 1164 2753 fatum
1192 2712 1286 2769 posse
1314 2695 1397 2753 flecti
1425 2694 1635 2769 arbitremur,

355 2797 479 2855 nullum
515 2816 585 2857 esse
620 2798 739 2874 fatum,
778 2799 900 2858 nullam
932 2800 1030 2875 igitur
1061 2818 1132 2858 esse
1163 2801 1390 2859 divinationem
1424 2798 1484 2877 (ἐξ
1511 2797 1635 2875 8-21).

356 2891 494 2963 Prorsus
521 2906 664 2963 inutilem
693 2923 763 2964 esse
790 2906 975 2965 hominibus
1003 2907 1188 2965 futurarum
1217 2925 1325 2965 rerum
1348 2907 1511 2965 scientiam
1533 2924 1637 2981 neque

355 3028 408 3070 eos
440 3012 537 3070 rebus
567 3012 685 3071 divinis
715 3013 755 3071 ad
784 3014 867 3072 mala
896 3014 1070 3089 mitiganda
1099 3014 1271 3088 quicquam
1300 3014 1469 3089 proficere,
1504 3014 1532 3071 si
1560 3014 1639 3071 nihil

355 3118 411 3177 fiat
432 3122 521 3178 extra
543 3120 644 3178 fatum
668 3118 726 3198 (ἐξ
749 3118 918 3198 22-26α).

396 3227 549 3301 Deinceps
568 3226 695 3301 singula
712 3227 918 3287 divinationis
935 3246 1066 3304 genera,
1089 3246 1171 3302 quae
1191 3226 1250 3306 (ἐξ
1270 3225 1426 3302 roo-27)
1446 3228 1551 3285 denuo
1567 3244 1638 3302 par·

355 3333 446 3406 titur,
471 3333 667 3392 refutantur:
686 3334 892 3408 haruspicina
908 3335 975 3393 sive
989 3338 1061 3394 exta
1078 3333 1122 3411 ἐξ
1139 3334 1272 3409 28-41,
1294 3335 1425 3410 fulgura
1441 3332 1484 3411 ἐξ
1501 3333 1634 3408 42-49,

355 3443 479 3499 ostenta
499 3444 529 3499 et
551 3444 696 3515 portenta
718 3439 762 3518 ἐξ
779 3441 914 3516 49-69,
939 3443 1081 3517 auspicia
1101 3440 1145 3519 ἐξ
1164 3442 1297 3516 70-84,
1323 3445 1424 3500 sortes
1442 3439 1485 3518 ἐξ
1501 3440 1540 3500 85
1582 3440 1635 3516 87,

356 3547 588 3606 Chaldaeorum
616 3547 848 3622 praedictiones
878 3547 922 3626 ἐξ
945 3548 1078 3622 87-99;
1109 3566 1192 3623 quae
1217 3548 1339 3623 reliqua
1362 3552 1439 3607 sunt
1460 3548 1524 3606 duo
1546 3551 1639 3606 natu·

356 3655 432 3712 ralis
459 3655 664 3713 divinationis
693 3672 810 3729 genera
839 3654 873 3733 (§
898 3654 987 3731 100),
1019 3657 1154 3714 alterum
1177 3674 1215 3714 ex
1237 3656 1346 3713 furore
1367 3659 1495 3729 natum,
1527 3672 1638 3714 oracu-

355 3761 459 3818 lorum
479 3763 510 3819 et
532 3761 754 3820 vaticiniorum
778 3759 822 3838 ἐξ
841 3762 1012 3836 101-118,
1039 3763 1174 3820 alterurn
1197 3763 1396 3820 somniorum
1419 3759 1462 3839 ἐξ
1482 3761 1637 3820 119-142

356 3867 570 3942 redarguitur.

396 3975 551 4032 Extorum
573 3975 799 4033 divinationem
821 3977 960 4050 ineptam
982 3978 1013 4033 et
1035 3975 1209 4034 absurdam
1232 3975 1321 4048 dicit,
1346 3975 1510 4050 fulgurum
1532 3976 1636 4032 autem

356 4083 463 4139 natam
481 4098 551 4140 esse
567 4099 606 4140 ex
620 4099 657 4140 eo
671 4082 757 4156 quod
772 4082 917 4140 homines
932 4082 1008 4140 deos
1023 4082 1169 4154 timeant;
1191 4082 1324 4139 fulmina
1339 4083 1423 4138 enim
1439 4081 1470 4138 vi
1486 4083 1635 4155 naturae,

356 4189 443 4247 nulla
475 4190 670 4264 constantia,
707 4190 794 4247 nullo
825 4192 894 4248 rato
925 4192 1067 4262 tempore
1098 4189 1181 4247 effici
1213 4189 1346 4261 ideoque
1376 4203 1415 4245 ex
1446 4188 1484 4245 iis
1517 4187 1638 4246 nullam

356 4295 620 4370 significationem
650 4314 758 4354 rerum
783 4296 1046 4369 consequentium
1069 4313 1139 4354 esse
1160 4312 1263 4369 posse.
1298 4295 1396 4369 Signa
1420 4312 1495 4352 vero
1516 4298 1545 4353 et
1567 4312 1638 4369 por·

356 4405 442 4460 tenta
470 4420 565 4477 saepe
592 4403 665 4462 ficta
694 4407 724 4462 et
747 4421 837 4477 rara,
869 4402 924 4460 sed
953 4420 1018 4460 non
1047 4403 1089 4460 ita
1117 4405 1153 4459 ut
1179 4405 1295 4459 natura
1317 4418 1381 4458 non
1404 4401 1473 4459 fieri
1495 4401 1635 4475 possint,

356 4527 452 4584 porro
482 4510 626 4584 ineptum
657 4527 728 4568 esse
759 4511 851 4585 signa
885 4509 980 4584 mitti,
1019 4525 1102 4582 quae
1133 4508 1340 4582 explicatione
1371 4511 1500 4583 egeant,
1536 4505 1639 4581 neque

357 4633 430 4674 raro
449 4617 540 4692 signa
558 4617 640 4675 inter
659 4617 815 4675 seminus
831 4616 1010 4674 convenire.
1035 4615 1183 4689 Auspicia
1199 4632 1287 4672 more
1301 4615 1458 4672 maiorum
1473 4614 1639 4672 observari

357 4724 596 4798 superstitiosae
627 4724 727 4798 plebis
756 4740 853 4782 causa
881 4726 911 4780 et
940 4723 984 4780 rei
1013 4722 1158 4796 publicae
1186 4722 1302 4796 gratia;
1336 4721 1455 4778 Romae
1481 4721 1544 4778 iam
1573 4738 1637 4778 non

356 4831 474 4889 usitata
504 4848 575 4888 esse
606 4848 709 4904 neque
739 4830 800 4888 sibi
831 4832 978 4888 constare
1010 4832 1107 4902 atque
1137 4828 1197 4886 alia
1226 4827 1367 4900 auspicia
1396 4827 1474 4884 alios
1503 4827 1637 4902 populos

349 4909 448 4995 tueri.
481 4937 590 4995 Sortes
618 4955 658 4995 ne
684 4936 807 5011 plebem
829 4936 958 5009 quidem
979 4936 1070 4993 flocci
1091 4935 1203 4993 facere.
1237 4933 1469 4993 Chaldaeorum
1491 4933 1638 4992 divinati-

356 5061 465 5118 onem,
490 5044 530 5102 ab
552 5045 630 5118 ipsis
652 5044 821 5118 astrologis
842 5043 1067 5100 illustrissimis
1089 5044 1246 5115 spretam,
1271 5041 1387 5098 iniuria
1408 5040 1514 5098 stellas
1531 5041 1637 5114 potius

356 5167 452 5224 quarn
489 5167 594 5208 aerem
624 5151 811 5223 caelumque
841 5149 999 5224 pertinere
1030 5149 1070 5206 ad
1102 5148 1267 5205 hominum
1301 5149 1448 5204 naturam
1481 5149 1511 5204 et
1543 5163 1637 5204 casus

356 5257 451 5330 velle,
483 5273 586 5329 neque
613 5256 746 5314 eandem
775 5257 938 5314 stellarum
965 5255 1154 5330 positionem
1176 5254 1285 5313 eadem
1307 5253 1433 5312 efficere
1455 5252 1638 5312 hominibus
