4125 6300
1044 744 1082 811 32

528 932 732 1016 Cratippi
767 934 881 999 uostri
918 934 1006 1015 quid
1043 935 1172 1014 ualeat,
1214 931 1331 999 uidero
1340 954 1354 1010 ,·
1392 932 1512 1000 elisisti
1548 934 1638 1001 euim
1674 938 1706 1003 et

527 1045 814 1124 Chrysippum
853 1047 884 1105 et
921 1044 1155 1122 Dioyeuem
1188 1046 1220 1105 et
1250 1043 1540 1123 Antipatrum
1572 1047 1704 1109 coactu·

524 1153 602 1214 dere
622 1153 686 1214 hoc
706 1152 821 1213 modo.

463 1263 517 1337 50,
543 1262 610 1321 103.
634 1259 771 1320 videsue
791 1258 1030 1336 Epicurum
1052 1262 1109 1318 eet.

463 1370 517 1444 50,
544 1369 610 1427 104.
636 1384 683 1426 ou
704 1367 820 1425 uoster
841 1364 1036 1425 Euhius?

463 1478 517 1551 51,
543 1476 610 1534 105.
635 1490 785 1550 mayuus
814 1470 1075 1532 Dicaearchi
1101 1470 1185 1532 iiber
1210 1472 1260 1531 est
1280 1470 1408 1532 uescire
1430 1489 1470 1532 ea
1491 1472 1615 1535 metius
1636 1492 1705 1535 6336

524 1599 630 1660 quom
651 1580 746 1641 scire.

463 1691 517 1765 52,
543 1690 609 1748 107.
634 1687 814 1748 aeuiomus
833 1703 926 1746 6666
946 1685 994 1745 ad
1019 1684 1287 1763 Cratippum.

462 1798 517 1872 56,
543 1797 611 1855 115.
636 1793 706 1854 tuis
733 1792 823 1853 euim
852 1792 1005 1853 oraculis
1033 1791 1305 1871 Chrysippus
1328 1794 1440 1853 totum
1460 1792 1620 1854 uotumeu
1641 1788 1703 1855 im‘-

516 1902 641 1980 pierii,
660 1900 797 1979 partim
817 1899 931 1975 iaisis,
956 1901 996 1959 ut
1017 1898 1153 1977 opiuor,
1172 1898 1309 1977 partim
1331 1917 1413 1959 casu
1434 1900 1532 1960 ueris.

461 2006 792 2086 58,119.coutrahi
822 2008 939 2067 autem
970 2006 1129 2066 auimum
1160 2006 1270 2067 Zeuo
1303 2008 1334 2066 et
1366 2006 1469 2084 quasi
1499 2006 1572 2067 tabi
1595 2008 1704 2084 putat

520 2118 626 2194 atque
645 2113 821 2175 considere
840 2113 880 2174 id
899 2113 1016 2190 ipsum
1038 2130 1107 2173 esse
1128 2112 1290 2173 dormire.

487 2225 562 2283 ibid.
628 2221 906 2300 Pythoyoros
933 2222 972 2280 66
999 2219 1128 2280 Plato
1151 2218 1428 2297 ...proficisci
1455 2219 1503 2280 ad
1531 2220 1702 2281 dormieri-

521 2330 606 2390 dum
626 2328 754 2390 iubeat.
820 2319 822 2324 ’

461 2438 515 2513 58,
542 2437 609 2497 119.
632 2435 716 2496 taho
738 2433 879 2512 quidem
901 2432 1174 2512 Pythoyorei
1194 2432 1316 2511 utique
1337 2432 1518 2494 ahstiuere.

461 2546 515 2620 58,
541 2545 609 2604 120.
633 2545 670 2603 ut
693 2540 971 2602 Democritus
992 2542 1110 2601 ceuset.

461 2653 515 2727 61,
542 2652 609 2711 126.
629 2647 838 2727 praesertim
873 2665 951 2708 cum
990 2645 1262 2725 Chrysippus
1292 2645 1518 2708 Academicos
1547 2647 1703 2707 refelleres

515 2757 692 2836 permulto
715 2754 869 2816 clariora
889 2756 921 2814 et
942 2752 1093 2814 certiora
1115 2771 1183 2815 esse
1205 2754 1311 2814 ducat
1331 2758 1388 2813 eet.

461 2868 516 2941 62,
541 2866 609 2923 127.
634 2862 773 2941 aliquot
792 2861 931 2922 somuio
952 2880 1047 2937 uera,
1073 2860 1191 2940 iuquit
1211 2861 1358 2921 Dacius.

461 2974 515 3047 62,
541 2972 608 3031 128.
634 2987 670 3031 ea
682 2967 857 3047 reliquiis,
878 2971 918 3029 ut
932 2967 985 3029 ait
1002 2966 1286 3045 Aristoteles,
1308 2967 1568 3029 iuhaereutibus
1582 2985 1702 3028 earum
1805 3016 1811 3027 .

519 3096 645 3139 rerum.

461 3188 515 3263 63,
541 3187 608 3246 130.
638 3183 909 3262 Chrysippus
931 3182 1072 3262 quidem
1095 3182 1348 3244 diuiaotiouem
1370 3183 1494 3243 defiuit
1508 3182 1562 3244 his
1576 3182 1702 3243 uerbis:

475 3314 479 3321 ⁴
520 3292 589 3352 uim
611 3293 868 3374 coyuosceatem
889 3293 921 3351 66
940 3290 1111 3351 uideutcm
1133 3293 1165 3351 ct
1186 3291 1410 3368 cepticoutem
1431 3273 1551 3368 siyuo,
1577 3307 1666 3368 quoe
1680 3294 1708 3349 a'

521 3399 577 3460 dis
596 3397 796 3459 homiuibus
811 3397 1083 3474 porteudautur.

460 3509 515 3583 65,
541 3508 608 3567 134.
634 3507 683 3566 636
702 3505 766 3565 hoc
786 3504 824 3564 66
849 3503 1086 3582 Chrysippi
1108 3504 1196 3564 iihro
1218 3505 1403 3564 somuium.

460 3616 515 3690 67,
541 3615 608 3673 137.
632 3611 793 3689 speciem,
828 3611 945 3687 credo,
980 3611 1053 3671 eius
1081 3613 1113 3671 et
1140 3611 1346 3688 imayiuem,
1381 3613 1421 3671 ut
1453 3609 1701 3671 Democrito

519 3720 664 3780 uidetur.

461 3830 514 3904 70,
541 3829 608 3886 144.
650 3828 731 3903 post
750 3826 843 3887 idem
865 3825 913 3885 od
933 3824 1198 3902 Autiphoutem,
1223 3826 1328 3903 atque
1345 3824 1470 3885 horum
1484 3824 1701 3904 sommiorum

520 3937 553 3995 et
575 3933 700 3994 tatium
715 3933 840 4010 pimus
858 3935 907 3993 est
932 3931 1169 4010 Chrysippi
1190 3930 1289 4007 liber,
1308 3931 1436 4009 pimus
1453 3929 1697 4008 Antipatri.

461 4044 515 4118 72,
541 4042 608 4101 150.
634 4058 791 4118 quorum·
806 4039 963 4100 licentiae
983 4039 1054 4100 uisi
1079 4038 1325 4101 Carneades
1344 4038 1533 4099 restitisset.

331 4231 351 4310 ξ,
374 4230 408 4291 7.
461 4231 513 4288 De
533 4229 721 4287 fontibus
742 4245 760 4286 a
782 4228 979 4286 Cicerone
999 4227 1039 4285 in
1060 4227 1080 4284 l.
1105 4227 1138 4284 II
1159 4227 1352 4285 laudatis.

461 4337 521 4396 Ubi
556 4337 588 4394 in
624 4336 706 4394 libro
742 4335 882 4393 secundo
917 4334 1041 4392 Tullius
1076 4336 1186 4392 eontra
1217 4334 1445 4392 divinationem
1477 4333 1575 4391 verba
1606 4333 1697 4406 iecit,

420 4462 484 4503 non
516 4444 657 4502 Stoicum
684 4443 728 4501 ibi
752 4443 870 4500 iontem
899 4442 1087 4516 primarium
1115 4441 1216 4498 fuisse
1243 4441 1305 4498 iam
1334 4440 1408 4498 inde
1429 4440 1583 4514 conicias,
1615 4439 1701 4513 quod

419 4553 545 4626 praeter
577 4550 778 4623 Panaetium,
813 4549 869 4622 qui
900 4549 1015 4623 partim
1047 4547 1273 4605 divinationem
1307 4547 1426 4620 reiecit,
1460 4563 1572 4604 omnes
1604 4545 1701 4604 Stoici

419 4676 489 4716 eam
518 4657 683 4716 coluerunt
712 4673 885 4729 veramque
912 4671 983 4712 esse
1010 4657 1197 4729 senserunt,
1229 4655 1311 4713 siout
1334 4671 1372 4712 ex
1395 4653 1556 4713 Ciceronis
1578 4653 1701 4728 praeia-

419 4765 505 4823 tione
534 4763 607 4821 libri
638 4763 732 4838 primi
764 4759 808 4838 §§
841 4762 919 4820 5-7
950 4763 1092 4835 apparet.
1128 4761 1167 4818 Et
1200 4778 1312 4835 reapse
1343 4760 1452 4818 nullus
1482 4760 1571 4818 locus
1600 4777 1700 4833 supra

419 4872 599 4945 descriptus
629 4869 770 4928 Stoicum
798 4869 918 4926 fontem
944 4867 1066 4941 prodit,
1098 4867 1125 4924 si
1149 4865 1192 4943 ἓξ
1215 4866 1333 4926 88-97
1354 4867 1566 4941 excipiuntur.
1600 4866 1700 4941 Chry-

420 4980 532 5053 sippus
574 4977 701 5051 quidem
737 4974 922 5049 saepissime
955 4979 1221 5032 commemoratur
1232 4971 1274 5049 1),
1314 4975 1369 5032 sed
1405 4991 1530 5048 semper
1565 4973 1605 5031 ab
1639 4972 1700 5031 alio

454 5237 477 5307 1)
514 5237 555 5303 11,
574 5235 609 5308 §5
628 5236 676 5300 35,
696 5236 744 5297 or,
766 5234 829 5301 101,
851 5236 915 5299 115,
937 5233 1087 5299 116,126‚
1109 5233 1258 5300 130,134,
1280 5234 1337 5286 144.
