4125 6300
999 747 1035 808 71

375 935 626 1010 pulcherrimum
647 938 677 994 et
698 936 863 995 oraculum
886 936 1039 1011 Apollinis
1061 936 1129 995 erat
1152 934 1263 1012 (Paus.
1288 936 1303 993 I
1326 935 1381 1010 21,
1408 936 1425 993 7
1432 953 1440 1009 ;
1466 934 1653 1010 simbola,

376 1042 411 1118 3,
436 1042 526 1119 618),
551 1044 581 1103 et
603 1044 630 1101 X
652 1042 690 1102 50
712 1042 837 1103 Gallum
859 1043 981 1103 inducit
1002 1043 1175 1119 dicentem:

575 1176 627 1235 ibo
648 1179 678 1235 ei
700 1176 880 1237 Chalcidico
901 1193 985 1251 quae
1006 1179 1083 1235 sunt
1104 1177 1181 1235 mihi
1202 1176 1330 1236 condita
1352 1192 1449 1235 versu

575 1283 717 1343 earmina
738 1284 877 1359 pastoris
901 1282 999 1342 Siculi
1020 1283 1210 1342 modulabor
1230 1300 1342 1342 avena.

376 1415 524 1476 Chalcide
550 1417 635 1475 enim
663 1419 759 1476 natus
787 1419 855 1476 erat
882 1417 1080 1491 Euphorion.
1105 1416 1153 1476 cf.
1180 1416 1271 1476 Serv.
1296 1416 1336 1475 ad
1358 1416 1442 1489 h.1.;
1470 1416 1533 1477 Oia.
1558 1417 1653 1476 Tusa.

363 1511 426 1581 '111
449 1523 486 1584 19
509 1522 529 1601 §
551 1526 606 1584 45:
628 1526 813 1600 „cantores
833 1521 1109 1600 Enpdmionia’'.

215 1712 354 1786 64,133:
375 1706 485 1769 Aiiiei
511 1742 550 1751 -
578 1728 650 1770 eum
680 1711 794 1769 Bothio
822 1710 1048 1787 corrigendum
1078 1710 1204 1769 videtur
1233 1707 1337 1769 aliiae
1355 1710 1376 1768 i.
1391 1727 1418 1769 e.
1442 1710 1535 1785 saite,
1560 1710 1653 1782 bene;

375 1817 552 1877 subiectum
585 1818 674 1877 verbi
704 1817 914 1895 respondent
942 1819 1001 1877 erit
1030 1815 1236 1893 „Thebani'’.
1271 1817 1342 1876 Non
1370 1817 1455 1876 enim
1484 1814 1587 1877 aliiae
1607 1820 1655 1875 est

375 1921 519 1984 ἀττικιστί
537 1925 593 1984 sed
615 1922 754 1991 ἀττικῶς.

104 2122 108 2149 *
214 2113 355 2187 68,141;
375 2113 619 2172 concurrerent
635 2146 673 2153 —
695 2113 751 2187 i.q.
777 2112 873 2171 simul
895 2112 1089 2187 acciderent,
1114 2112 1330 2171 convenirent.
1348 2112 1387 2171 af.
1403 2112 1465 2172 Oia.
1480 2111 1587 2170 Plane.
1602 2111 1654 2171 32:

373 2234 474 2294 saepe
506 2217 680 2280 aonenrrii
711 2222 750 2280 ni
781 2218 897 2280 eodem
932 2221 1084 2297 tempore
1112 2217 1150 2278 in
1178 2235 1296 2279 ornnes
1322 2235 1440 2279 verear
1460 2235 1503 2279 ne
1518 2216 1655 2295 possim

372 2326 497 2403 pratas
526 2325 659 2398 videri·
689 2328 728 2386 de
756 2327 812 2387 fin.
835 2328 862 2386 V
884 2326 937 2386 10:
969 2343 1024 2387 res
1052 2325 1250 2387 eontrariae
1278 2327 1509 2397 concianand-
1536 2326 1575 2385 de
1596 2327 1651 2385 off.

373 2434 389 2491 1
414 2434 449 2491 14
467 2432 554 2510 §45²
577 2450 666 2511 qnae
687 2435 727 2494 ni
747 2436 957 2494 concurrant
978 2432 1101 2494 omnia
1118 2431 1270 2511 optabile
1287 2434 1354 2494 esi:
1374 2431 1430 2493 sin
1446 2431 1564 2493 minae
1577 2435 1652 2506 eet.;

374 2541 444 2599 Ter.
468 2539 566 2600 Andr.
591 2542 665 2601 511:
695 2539 808 2602 malla
836 2542 1047 2602 aanenirnni
1073 2539 1195 2617 simul,
1228 2541 1291 2618 qni
1311 2538 1543 2601 aonieainram
1565 2538 1655 2600 nana

372 2663 465 2706 nana
484 2646 585 2707 faeie.

215 2860 267 2937 70,
284 2863 354 2923 1452
375 2849 578 2912 coniectoris
701 2850 872 2913 eludentis
903 2850 1046 2929 inpenio
1074 2884 1112 2894 -
1140 2853 1160 2911 i.
1181 2870 1207 2911 e.
1239 2853 1425 2912 eonieatoris
1453 2852 1508 2927 qui
1536 2852 1655 2929 ingenii

374 2959 520 3018 acumine
542 2959 686 3018 homines
707 2959 815 3018 eludit.
840 2960 879 3019 ai.
904 2958 1109 3035 paulopost:
1132 2975 1276 3019 aenmen
1296 2956 1489 3019 hominnm.

215 3157 353 3230 72,1492
374 3142 547 3207 eieiendae
574 3146 689 3207 ABHV
716 3165 789 3207 num
817 3147 866 3207 ed.
891 3146 1074 3222 Turieensi,
1106 3143 1287 3207 elidendae
1308 3147 1450 3224 Manui,
1476 3143 1655 3225 elipendae

374 3255 466 3315 Grut.
490 3256 630 3332 Madvig.
654 3257 751 3333 KayS.
777 3256 811 3316 C.
826 3257 861 3314 F.
877 3257 924 3314 W.
949 3256 1115 3315 Mirllerua
1141 3255 1188 3315 cf.
1204 3255 1298 3314 Tusa.
1314 3254 1465 3332 111584:
1487 3254 1552 3315 liae
1572 3256 1654 3315 anni

372 3358 455 3421 illae
480 3360 592 3422 fibrae
617 3359 800 3439 stirpium,
833 3378 922 3439 qnae
949 3359 1055 3422 initio
1085 3359 1174 3436 diei,
1200 3360 1462 3438 persequendae
1483 3362 1515 3422 ei
1536 3377 1654 3421 omnes

371 3466 425 3527 nel
454 3466 647 3546 elipendae,
681 3485 723 3528 ne
754 3485 924 3546 nmquam
956 3467 1032 3528 nlla
1060 3466 1174 3545 possit
1196 3466 1355 3540 edistaim·
1387 3467 1482 3544 583:
1508 3466 1651 3545 (stirpes)

373 3590 462 3651 qnae
491 3573 569 3652 ipso
602 3577 723 3636 irnnao
758 3592 870 3636 everso
903 3592 1021 3635 ornnes
1054 3574 1232 3653 elipendae
1259 3576 1351 3635 anni.
1383 3575 1422 3633 In
1450 3575 1489 3634 iis
1511 3592 1593 3650 quae
1614 3593 1653 3634 ex

372 3683 563 3741 Tusculanis
584 3684 714 3743 laudavi
735 3684 859 3743 eodiees
874 3700 1001 3741 summo
1016 3700 1175 3742 consensu
1191 3680 1370 3760 elipendae
1386 3681 1545 3741 exhibant.
1571 3683 1652 3742 Cum

372 3791 478 3847 autem
499 3773 550 3850 hie
571 3790 659 3850 loeus
681 3791 793 3849 similis
811 3790 873 3848 illis
892 3790 948 3865 sit,
973 3807 1046 3849 aum
1061 3790 1139 3848 viris
1151 3789 1252 3848 doctis
1268 3787 1446 3867 elipendae
1460 3788 1510 3849 hie
1525 3807 1653 3864 quoque

371 3897 541 3972 legendum
561 3901 625 3972 est,
650 3899 708 3957 etsi
731 3896 904 3959 eiciendae
925 3914 989 3956 non
1008 3913 1143 3972 prorsus
1163 3913 1261 3956 sensu
1283 3899 1331 3954 est
1352 3913 1490 3955 cassum.
1736 3881 1739 3886 ¹
