<?xml version="1.0" encoding="UTF-8"?>
<!DOCTYPE html PUBLIC "-//W3C//DTD XHTML 1.0 Transitional//EN"
    "http://www.w3.org/TR/xhtml1/DTD/xhtml1-transitional.dtd">
<html xmlns="http://www.w3.org/1999/xhtml" xml:lang="en" lang="en">
 <head>
  <title>
</title>
<meta http-equiv="Content-Type" content="text/html;charset=utf-8" />
  <meta name='ocr-system' content='tesseract 3.04.00' />
  <meta name='ocr-capabilities' content='ocr_page ocr_carea ocr_par ocr_line ocrx_word'/>
</head>
<body>
  <div class='ocr_page' id='page_1' title='image "./quaestionesadci00heergoog_0028.png"; bbox 0 0 4125 6300; ppageno 0'>
   <div class='ocr_carea' id='block_1_1' title="bbox 1052 752 1088 819">
    <p class='ocr_par' dir='ltr' id='par_1_1' title="bbox 1052 752 1088 819">
     <span class='ocr_line' id='line_1_1' title="bbox 1052 752 1088 819; baseline 0 0"><span class='ocrx_word' id='word_1_1' title='bbox 1052 752 1088 819; x_wconf 85' lang='lat'>14</span> 
     </span>
    </p>
   </div>
   <div class='ocr_carea' id='block_1_2' title="bbox 429 940 1717 4354">
    <p class='ocr_par' dir='ltr' id='par_1_2' title="bbox 429 940 1717 4236">
     <span class='ocr_line' id='line_1_2' title="bbox 431 940 1708 1026; baseline 0.002 -21"><span class='ocrx_word' id='word_1_2' title='bbox 431 940 678 1022; x_wconf 77' lang='lat' dir='ltr'>adversabatur,</span> <span class='ocrx_word' id='word_1_3' title='bbox 703 941 789 1021; x_wconf 91' lang='lat' dir='ltr'>quod</span> <span class='ocrx_word' id='word_1_4' title='bbox 809 942 878 1022; x_wconf 88' lang='lat' dir='ltr'>ipse</span> <span class='ocrx_word' id='word_1_5' title='bbox 899 943 1023 1005; x_wconf 85' lang='lat' dir='ltr'>Tullius</span> <span class='ocrx_word' id='word_1_6' title='bbox 1045 946 1076 1004; x_wconf 91' lang='lat' dir='ltr'>in</span> <span class='ocrx_word' id='word_1_7' title='bbox 1100 944 1172 1005; x_wconf 87' lang='lat' dir='ltr'>libri</span> <span class='ocrx_word' id='word_1_8' title='bbox 1194 946 1325 1007; x_wconf 89' lang='lat' dir='ltr'>secundi</span> <span class='ocrx_word' id='word_1_9' title='bbox 1341 948 1477 1019; x_wconf 81' lang='lat' dir='ltr'>testatur</span> <span class='ocrx_word' id='word_1_10' title='bbox 1493 944 1558 1008; x_wconf 83' lang='lat' dir='ltr'>fine</span> <span class='ocrx_word' id='word_1_11' title='bbox 1574 942 1609 1026; x_wconf 65' lang='grc' dir='ltr'>(ἓ</span> <span class='ocrx_word' id='word_1_12' title='bbox 1628 942 1708 1024; x_wconf 82' lang='grc'>150).</span> 
     </span>
     <span class='ocr_line' id='line_1_3' title="bbox 430 1053 1713 1130; baseline 0.001 -16"><span class='ocrx_word' id='word_1_13' title='bbox 430 1056 494 1114; x_wconf 91' lang='lat' dir='ltr'>Nec</span> <span class='ocrx_word' id='word_1_14' title='bbox 521 1057 627 1113; x_wconf 90' lang='lat' dir='ltr'>tamen</span> <span class='ocrx_word' id='word_1_15' title='bbox 655 1056 703 1112; x_wconf 89' lang='lat' dir='ltr'>est</span> <span class='ocrx_word' id='word_1_16' title='bbox 730 1071 788 1112; x_wconf 91' lang='lat' dir='ltr'>cur</span> <span class='ocrx_word' id='word_1_17' title='bbox 816 1054 893 1112; x_wconf 90' lang='lat' dir='ltr'>haec</span> <span class='ocrx_word' id='word_1_18' title='bbox 921 1054 962 1112; x_wconf 89' lang='lat' dir='ltr'>ab</span> <span class='ocrx_word' id='word_1_19' title='bbox 990 1054 1100 1112; x_wconf 89' lang='lat' dir='ltr'>eodem</span> <span class='ocrx_word' id='word_1_20' title='bbox 1129 1053 1300 1113; x_wconf 91' lang='lat' dir='ltr'>Posidonio</span> <span class='ocrx_word' id='word_1_21' title='bbox 1327 1056 1390 1114; x_wconf 88' lang='lat' dir='ltr'>iam</span> <span class='ocrx_word' id='word_1_22' title='bbox 1418 1056 1501 1114; x_wconf 88' lang='lat' dir='ltr'>dicta</span> <span class='ocrx_word' id='word_1_23' title='bbox 1525 1073 1596 1115; x_wconf 89' lang='lat' dir='ltr'>esse</span> <span class='ocrx_word' id='word_1_24' title='bbox 1617 1059 1713 1130; x_wconf 90' lang='lat' dir='ltr'>atque</span> 
     </span>
     <span class='ocr_line' id='line_1_4' title="bbox 430 1160 1713 1236; baseline 0.001 -16"><span class='ocrx_word' id='word_1_25' title='bbox 430 1180 469 1220; x_wconf 88' lang='lat' dir='ltr'>ex</span> <span class='ocrx_word' id='word_1_26' title='bbox 497 1164 566 1221; x_wconf 89' lang='lat' dir='ltr'>eius</span> <span class='ocrx_word' id='word_1_27' title='bbox 594 1161 683 1220; x_wconf 91' lang='lat' dir='ltr'>libris</span> <span class='ocrx_word' id='word_1_28' title='bbox 712 1160 895 1231; x_wconf 79' lang='lat' dir='ltr'><strong>Ciceronem</strong></span> <span class='ocrx_word' id='word_1_29' title='bbox 924 1161 1103 1235; x_wconf 86' lang='lat' dir='ltr'>sumpsisse</span> <span class='ocrx_word' id='word_1_30' title='bbox 1129 1178 1292 1236; x_wconf 81' lang='lat' dir='ltr'>negemus</span> <span class='ocrx_word' id='word_1_31' title='bbox 1326 1163 1536 1221; x_wconf 90' lang='lat' dir='ltr'>Doctissimus</span> <span class='ocrx_word' id='word_1_32' title='bbox 1557 1164 1641 1221; x_wconf 93' lang='lat' dir='ltr'>enim</span> <span class='ocrx_word' id='word_1_33' title='bbox 1662 1164 1713 1221; x_wconf 89' lang='lat' dir='ltr'>ille</span> 
     </span>
     <span class='ocr_line' id='line_1_5' title="bbox 433 1267 1712 1344; baseline 0.001 -17"><span class='ocrx_word' id='word_1_34' title='bbox 433 1267 559 1327; x_wconf 89' lang='lat' dir='ltr'>Stoicus</span> <span class='ocrx_word' id='word_1_35' title='bbox 587 1268 698 1344; x_wconf 91' lang='lat' dir='ltr'>procul</span> <span class='ocrx_word' id='word_1_36' title='bbox 725 1267 823 1325; x_wconf 93' lang='lat' dir='ltr'>dubio</span> <span class='ocrx_word' id='word_1_37' title='bbox 852 1285 915 1325; x_wconf 93' lang='lat' dir='ltr'>non</span> <span class='ocrx_word' id='word_1_38' title='bbox 941 1267 1127 1342; x_wconf 82' lang='lat' dir='ltr'>ignorabat,</span> <span class='ocrx_word' id='word_1_39' title='bbox 1159 1268 1236 1341; x_wconf 92' lang='lat' dir='ltr'>quid</span> <span class='ocrx_word' id='word_1_40' title='bbox 1262 1268 1438 1327; x_wconf 77' lang='lat' dir='ltr'>Academici</span> <span class='ocrx_word' id='word_1_41' title='bbox 1458 1272 1570 1327; x_wconf 88' lang='lat' dir='ltr'>contra</span> <span class='ocrx_word' id='word_1_42' title='bbox 1591 1269 1712 1329; x_wconf 89' lang='lat' dir='ltr'>divina-</span> 
     </span>
     <span class='ocr_line' id='line_1_6' title="bbox 430 1375 1712 1451; baseline 0.002 -19"><span class='ocrx_word' id='word_1_43' title='bbox 430 1376 547 1434; x_wconf 86' lang='lat' dir='ltr'>tionem</span> <span class='ocrx_word' id='word_1_44' title='bbox 574 1376 798 1451; x_wconf 76' lang='lat' dir='ltr'>protulissent,</span> <span class='ocrx_word' id='word_1_45' title='bbox 828 1378 859 1433; x_wconf 89' lang='lat' dir='ltr'>et</span> <span class='ocrx_word' id='word_1_46' title='bbox 885 1392 919 1433; x_wconf 90' lang='lat' dir='ltr'>re</span> <span class='ocrx_word' id='word_1_47' title='bbox 941 1391 1016 1433; x_wconf 90' lang='lat' dir='ltr'>vera</span> <span class='ocrx_word' id='word_1_48' title='bbox 1038 1377 1161 1448; x_wconf 90' lang='lat' dir='ltr'>partem</span> <span class='ocrx_word' id='word_1_49' title='bbox 1183 1375 1346 1433; x_wconf 91' lang='lat' dir='ltr'>Posidonii</span> <span class='ocrx_word' id='word_1_50' title='bbox 1367 1375 1406 1433; x_wconf 87' lang='lat' dir='ltr'>de</span> <span class='ocrx_word' id='word_1_51' title='bbox 1426 1375 1621 1434; x_wconf 89' lang='lat' dir='ltr'>divinatione</span> <span class='ocrx_word' id='word_1_52' title='bbox 1642 1394 1712 1435; x_wconf 91' lang='lat' dir='ltr'>sen·</span> 
     </span>
     <span class='ocr_line' id='line_1_7' title="bbox 430 1481 1710 1561; baseline 0 -18"><span class='ocrx_word' id='word_1_53' title='bbox 430 1484 546 1543; x_wconf 86' lang='lat' dir='ltr'>tentiae</span> <span class='ocrx_word' id='word_1_54' title='bbox 567 1485 659 1557; x_wconf 86' lang='lat' dir='ltr'>quasi</span> <span class='ocrx_word' id='word_1_55' title='bbox 682 1486 792 1542; x_wconf 89' lang='lat' dir='ltr'>natum</span> <span class='ocrx_word' id='word_1_56' title='bbox 808 1500 911 1542; x_wconf 89' lang='lat' dir='ltr'>essee</span> <span class='ocrx_word' id='word_1_57' title='bbox 928 1482 1139 1542; x_wconf 85' lang='lat' dir='ltr'>Clitomachea</span> <span class='ocrx_word' id='word_1_58' title='bbox 1156 1482 1346 1541; x_wconf 82' lang='lat' dir='ltr'>refutatione</span> <span class='ocrx_word' id='word_1_59' title='bbox 1356 1482 1382 1558; x_wconf 84' lang='lat'>1)</span> <span class='ocrx_word' id='word_1_60' title='bbox 1402 1487 1511 1558; x_wconf 88' lang='lat' dir='ltr'>postea</span> <span class='ocrx_word' id='word_1_61' title='bbox 1528 1481 1567 1561; x_wconf 82' lang='lat' dir='ltr'>(o.</span> <span class='ocrx_word' id='word_1_62' title='bbox 1586 1484 1619 1541; x_wconf 93' lang='lat' dir='ltr'>II</span> <span class='ocrx_word' id='word_1_63' title='bbox 1640 1482 1658 1561; x_wconf 64' lang='grc' dir='ltr'>ξ</span> <span class='ocrx_word' id='word_1_64' title='bbox 1680 1482 1710 1559; x_wconf 86' lang='grc'>7)</span> 
     </span>
     <span class='ocr_line' id='line_1_8' title="bbox 430 1588 1711 1667; baseline 0 -18"><span class='ocrx_word' id='word_1_65' title='bbox 430 1591 732 1649; x_wconf 87' lang='lat' dir='ltr'>demonstrabimus.</span> <span class='ocrx_word' id='word_1_66' title='bbox 764 1591 930 1648; x_wconf 88' lang='lat' dir='ltr'>Praeterea</span> <span class='ocrx_word' id='word_1_67' title='bbox 960 1589 1075 1663; x_wconf 90' lang='lat' dir='ltr'>verba,</span> <span class='ocrx_word' id='word_1_68' title='bbox 1106 1604 1189 1662; x_wconf 89' lang='lat' dir='ltr'>quae</span> <span class='ocrx_word' id='word_1_69' title='bbox 1215 1606 1314 1664; x_wconf 88' lang='lat' dir='ltr'>supra</span> <span class='ocrx_word' id='word_1_70' title='bbox 1335 1590 1441 1666; x_wconf 85' lang='lat' dir='ltr'>attigi,</span> <span class='ocrx_word' id='word_1_71' title='bbox 1472 1590 1528 1649; x_wconf 90' lang='lat' dir='ltr'>ubi</span> <span class='ocrx_word' id='word_1_72' title='bbox 1549 1591 1589 1649; x_wconf 90' lang='lat' dir='ltr'>de</span> <span class='ocrx_word' id='word_1_73' title='bbox 1612 1588 1631 1667; x_wconf 58' lang='grc' dir='ltr'>ᾖ</span> <span class='ocrx_word' id='word_1_74' title='bbox 1655 1591 1711 1649; x_wconf 85' lang='grc'>113</span> 
     </span>
     <span class='ocr_line' id='line_1_9' title="bbox 430 1696 1712 1773; baseline -0.002 -17"><span class='ocrx_word' id='word_1_75' title='bbox 430 1698 599 1773; x_wconf 84' lang='lat' dir='ltr'>agebatur,</span> <span class='ocrx_word' id='word_1_76' title='bbox 630 1697 743 1755; x_wconf 90' lang='lat' dir='ltr'>docent</span> <span class='ocrx_word' id='word_1_77' title='bbox 770 1697 834 1755; x_wconf 93' lang='lat' dir='ltr'>iam</span> <span class='ocrx_word' id='word_1_78' title='bbox 865 1697 897 1755; x_wconf 94' lang='lat' dir='ltr'>in</span> <span class='ocrx_word' id='word_1_79' title='bbox 925 1696 1028 1770; x_wconf 85' lang='lat' dir='ltr'>tonte,</span> <span class='ocrx_word' id='word_1_80' title='bbox 1060 1711 1125 1770; x_wconf 90' lang='lat' dir='ltr'>quo</span> <span class='ocrx_word' id='word_1_81' title='bbox 1153 1696 1262 1755; x_wconf 92' lang='lat' dir='ltr'>Cicero</span> <span class='ocrx_word' id='word_1_82' title='bbox 1289 1696 1333 1754; x_wconf 93' lang='lat' dir='ltr'>ibi</span> <span class='ocrx_word' id='word_1_83' title='bbox 1360 1714 1442 1755; x_wconf 90' lang='lat' dir='ltr'>usus</span> <span class='ocrx_word' id='word_1_84' title='bbox 1469 1700 1534 1772; x_wconf 89' lang='lat' dir='ltr'>est,</span> <span class='ocrx_word' id='word_1_85' title='bbox 1566 1698 1712 1772; x_wconf 79' lang='lat' dir='ltr'>scriptori</span> 
     </span>
     <span class='ocr_line' id='line_1_10' title="bbox 429 1803 1711 1880; baseline -0.001 -17"><span class='ocrx_word' id='word_1_86' title='bbox 429 1805 688 1880; x_wconf 87' lang='lat' dir='ltr'>disceptationem</span> <span class='ocrx_word' id='word_1_87' title='bbox 724 1804 886 1877; x_wconf 88' lang='lat' dir='ltr'>quandam</span> <span class='ocrx_word' id='word_1_88' title='bbox 921 1803 1022 1861; x_wconf 87' lang='lat' dir='ltr'>tuisse</span> <span class='ocrx_word' id='word_1_89' title='bbox 1058 1820 1131 1862; x_wconf 94' lang='lat' dir='ltr'>cum</span> <span class='ocrx_word' id='word_1_90' title='bbox 1166 1803 1205 1860; x_wconf 91' lang='lat' dir='ltr'>iis</span> <span class='ocrx_word' id='word_1_91' title='bbox 1237 1804 1292 1877; x_wconf 91' lang='lat' dir='ltr'>qui</span> <span class='ocrx_word' id='word_1_92' title='bbox 1323 1804 1454 1862; x_wconf 93' lang='lat' dir='ltr'>omnino</span> <span class='ocrx_word' id='word_1_93' title='bbox 1484 1804 1711 1863; x_wconf 90' lang='lat' dir='ltr'>divinationem</span> 
     </span>
     <span class='ocr_line' id='line_1_11' title="bbox 430 1908 1713 1986; baseline 0 -17"><span class='ocrx_word' id='word_1_94' title='bbox 430 1912 591 1986; x_wconf 89' lang='lat' dir='ltr'>negabant</span> <span class='ocrx_word' id='word_1_95' title='bbox 601 1908 639 1986; x_wconf 82' lang='lat'>2).</span> <span class='ocrx_word' id='word_1_96' title='bbox 665 1910 847 1971; x_wconf 82' lang='lat' dir='ltr'>Ciceronem</span> <span class='ocrx_word' id='word_1_97' title='bbox 868 1910 980 1985; x_wconf 90' lang='lat' dir='ltr'>igitur,</span> <span class='ocrx_word' id='word_1_98' title='bbox 1006 1927 1079 1968; x_wconf 91' lang='lat' dir='ltr'>cum</span> <span class='ocrx_word' id='word_1_99' title='bbox 1097 1909 1171 1968; x_wconf 90' lang='lat' dir='ltr'>alibi</span> <span class='ocrx_word' id='word_1_100' title='bbox 1191 1910 1397 1968; x_wconf 91' lang='lat' dir='ltr'>Posidonium</span> <span class='ocrx_word' id='word_1_101' title='bbox 1415 1912 1544 1969; x_wconf 88' lang='lat' dir='ltr'>secutus</span> <span class='ocrx_word' id='word_1_102' title='bbox 1563 1911 1603 1969; x_wconf 93' lang='lat' dir='ltr'>sit</span> <span class='ocrx_word' id='word_1_103' title='bbox 1621 1912 1713 1984; x_wconf 90' lang='lat' dir='ltr'>isque</span> 
     </span>
     <span class='ocr_line' id='line_1_12' title="bbox 431 2016 1712 2092; baseline -0.002 -15"><span class='ocrx_word' id='word_1_104' title='bbox 431 2018 500 2077; x_wconf 90' lang='lat' dir='ltr'>sine</span> <span class='ocrx_word' id='word_1_105' title='bbox 527 2018 625 2076; x_wconf 93' lang='lat' dir='ltr'>dubio</span> <span class='ocrx_word' id='word_1_106' title='bbox 652 2021 763 2077; x_wconf 87' lang='lat' dir='ltr'>contra</span> <span class='ocrx_word' id='word_1_107' title='bbox 790 2016 993 2075; x_wconf 87' lang='lat' dir='ltr'>Academicos</span> <span class='ocrx_word' id='word_1_108' title='bbox 1021 2016 1250 2091; x_wconf 88' lang='lat' dir='ltr'>disputaverit,</span> <span class='ocrx_word' id='word_1_109' title='bbox 1285 2034 1322 2075; x_wconf 91' lang='lat' dir='ltr'>ea</span> <span class='ocrx_word' id='word_1_110' title='bbox 1351 2034 1494 2092; x_wconf 93' lang='lat' dir='ltr'>quoque,</span> <span class='ocrx_word' id='word_1_111' title='bbox 1525 2035 1608 2092; x_wconf 89' lang='lat' dir='ltr'>quae</span> <span class='ocrx_word' id='word_1_112' title='bbox 1637 2016 1712 2077; x_wconf 90' lang='lat' dir='ltr'>Car·</span> 
     </span>
     <span class='ocr_line' id='line_1_13' title="bbox 431 2123 1717 2199; baseline -0.002 -15"><span class='ocrx_word' id='word_1_113' title='bbox 431 2126 541 2184; x_wconf 90' lang='lat' dir='ltr'>neadis</span> <span class='ocrx_word' id='word_1_114' title='bbox 573 2141 687 2183; x_wconf 91' lang='lat' dir='ltr'>nomen</span> <span class='ocrx_word' id='word_1_115' title='bbox 720 2141 797 2199; x_wconf 90' lang='lat' dir='ltr'>prae</span> <span class='ocrx_word' id='word_1_116' title='bbox 827 2123 862 2181; x_wconf 90' lang='lat' dir='ltr'>s&#39;e</span> <span class='ocrx_word' id='word_1_117' title='bbox 892 2123 1016 2198; x_wconf 84' lang='lat' dir='ltr'>ierunt,</span> <span class='ocrx_word' id='word_1_118' title='bbox 1051 2141 1090 2182; x_wconf 91' lang='lat' dir='ltr'>ex</span> <span class='ocrx_word' id='word_1_119' title='bbox 1117 2124 1227 2181; x_wconf 92' lang='lat' dir='ltr'>eodem</span> <span class='ocrx_word' id='word_1_120' title='bbox 1255 2124 1443 2199; x_wconf 92' lang='lat' dir='ltr'>philosopho</span> <span class='ocrx_word' id='word_1_121' title='bbox 1471 2125 1619 2183; x_wconf 90' lang='lat' dir='ltr'>hausisse</span> <span class='ocrx_word' id='word_1_122' title='bbox 1647 2141 1717 2191; x_wconf 58' lang='lat' dir='ltr'>non,</span> 
     </span>
     <span class='ocr_line' id='line_1_14' title="bbox 431 2230 1708 2306; baseline -0.002 -15"><span class='ocrx_word' id='word_1_123' title='bbox 431 2234 500 2291; x_wconf 90' lang='lat' dir='ltr'>sine</span> <span class='ocrx_word' id='word_1_124' title='bbox 519 2249 616 2291; x_wconf 90' lang='lat' dir='ltr'>causa</span> <span class='ocrx_word' id='word_1_125' title='bbox 638 2231 851 2306; x_wconf 87' lang='lat' dir='ltr'>suspicamur.</span> <span class='ocrx_word' id='word_1_126' title='bbox 875 2230 1017 2290; x_wconf 87' lang='lat' dir='ltr'>Panaetii</span> <span class='ocrx_word' id='word_1_127' title='bbox 1039 2247 1116 2289; x_wconf 90' lang='lat' dir='ltr'>vero</span> <span class='ocrx_word' id='word_1_128' title='bbox 1137 2230 1345 2306; x_wconf 91' lang='lat' dir='ltr'>sententiam,</span> <span class='ocrx_word' id='word_1_129' title='bbox 1371 2231 1425 2306; x_wconf 93' lang='lat' dir='ltr'>qui</span> <span class='ocrx_word' id='word_1_130' title='bbox 1444 2231 1484 2290; x_wconf 90' lang='lat' dir='ltr'>de</span> <span class='ocrx_word' id='word_1_131' title='bbox 1498 2232 1708 2306; x_wconf 88' lang='lat' dir='ltr'>divinatione,</span> 
     </span>
     <span class='ocr_line' id='line_1_15' title="bbox 430 2336 1711 2413; baseline -0.001 -16"><span class='ocrx_word' id='word_1_132' title='bbox 430 2340 488 2398; x_wconf 93' lang='lat' dir='ltr'>etsi</span> <span class='ocrx_word' id='word_1_133' title='bbox 513 2338 639 2398; x_wconf 88' lang='lat' dir='ltr'>Stoicus</span> <span class='ocrx_word' id='word_1_134' title='bbox 660 2340 744 2412; x_wconf 88' lang='lat' dir='ltr'>erat,</span> <span class='ocrx_word' id='word_1_135' title='bbox 775 2337 959 2411; x_wconf 89' lang='lat' dir='ltr'>dubitabat,</span> <span class='ocrx_word' id='word_1_136' title='bbox 988 2336 1075 2411; x_wconf 91' lang='lat' dir='ltr'>apud</span> <span class='ocrx_word' id='word_1_137' title='bbox 1097 2337 1303 2395; x_wconf 89' lang='lat' dir='ltr'>Posidonium</span> <span class='ocrx_word' id='word_1_138' title='bbox 1327 2336 1470 2397; x_wconf 87' lang='lat' dir='ltr'>Stoicum</span> <span class='ocrx_word' id='word_1_139' title='bbox 1490 2338 1606 2413; x_wconf 84' lang='lat' dir='ltr'>legisse</span> <span class='ocrx_word' id='word_1_140' title='bbox 1627 2337 1711 2397; x_wconf 85' lang='lat' dir='ltr'>Cice·</span> 
     </span>
     <span class='ocr_line' id='line_1_16' title="bbox 431 2444 1711 2520; baseline -0.002 -15"><span class='ocrx_word' id='word_1_141' title='bbox 431 2464 540 2505; x_wconf 89' lang='lat' dir='ltr'>ronem</span> <span class='ocrx_word' id='word_1_142' title='bbox 572 2446 666 2504; x_wconf 88' lang='lat' dir='ltr'>etiarn</span> <span class='ocrx_word' id='word_1_143' title='bbox 697 2445 800 2520; x_wconf 93' lang='lat' dir='ltr'>magis</span> <span class='ocrx_word' id='word_1_144' title='bbox 831 2444 995 2519; x_wconf 90' lang='lat' dir='ltr'>probabile</span> <span class='ocrx_word' id='word_1_145' title='bbox 1022 2447 1086 2518; x_wconf 88' lang='lat' dir='ltr'>est,</span> <span class='ocrx_word' id='word_1_146' title='bbox 1121 2444 1308 2519; x_wconf 89' lang='lat' dir='ltr'>praesertim</span> <span class='ocrx_word' id='word_1_147' title='bbox 1337 2462 1409 2504; x_wconf 91' lang='lat' dir='ltr'>cum</span> <span class='ocrx_word' id='word_1_148' title='bbox 1438 2445 1506 2503; x_wconf 88' lang='lat' dir='ltr'>eius</span> <span class='ocrx_word' id='word_1_149' title='bbox 1536 2462 1649 2503; x_wconf 90' lang='lat' dir='ltr'>nomen</span> <span class='ocrx_word' id='word_1_150' title='bbox 1678 2444 1711 2503; x_wconf 88' lang='lat' dir='ltr'>in</span> 
     </span>
     <span class='ocr_line' id='line_1_17' title="bbox 430 2547 1711 2628; baseline -0.001 -17"><span class='ocrx_word' id='word_1_151' title='bbox 430 2555 490 2613; x_wconf 92' lang='lat' dir='ltr'>hoc</span> <span class='ocrx_word' id='word_1_152' title='bbox 506 2553 616 2612; x_wconf 90' lang='lat' dir='ltr'>saltem</span> <span class='ocrx_word' id='word_1_153' title='bbox 634 2553 716 2611; x_wconf 95' lang='lat' dir='ltr'>libro</span> <span class='ocrx_word' id='word_1_154' title='bbox 735 2569 799 2609; x_wconf 92' lang='lat' dir='ltr'>non</span> <span class='ocrx_word' id='word_1_155' title='bbox 812 2552 885 2625; x_wconf 91' lang='lat' dir='ltr'>plus</span> <span class='ocrx_word' id='word_1_156' title='bbox 900 2551 949 2610; x_wconf 95' lang='lat' dir='ltr'>bis</span> <span class='ocrx_word' id='word_1_157' title='bbox 965 2547 1024 2628; x_wconf 60' lang='grc' dir='ltr'>(ἐξ</span> <span class='ocrx_word' id='word_1_158' title='bbox 1039 2550 1056 2609; x_wconf 89' lang='grc'><strong>6</strong></span> <span class='ocrx_word' id='word_1_159' title='bbox 1071 2554 1101 2609; x_wconf 92' lang='lat' dir='ltr'>et</span> <span class='ocrx_word' id='word_1_160' title='bbox 1120 2548 1170 2627; x_wconf 82' lang='lat'>12)</span> <span class='ocrx_word' id='word_1_161' title='bbox 1187 2556 1467 2627; x_wconf 89' lang='lat' dir='ltr'>commemoretur,</span> <span class='ocrx_word' id='word_1_162' title='bbox 1492 2555 1521 2610; x_wconf 89' lang='lat' dir='ltr'>et</span> <span class='ocrx_word' id='word_1_163' title='bbox 1536 2551 1711 2626; x_wconf 89' lang='lat' dir='ltr'>Epicurum</span> 
     </span>
     <span class='ocr_line' id='line_1_18' title="bbox 431 2658 1712 2736; baseline -0.002 -16"><span class='ocrx_word' id='word_1_164' title='bbox 431 2662 617 2736; x_wconf 89' lang='lat' dir='ltr'>saepissime</span> <span class='ocrx_word' id='word_1_165' title='bbox 626 2659 653 2735; x_wconf 84' lang='lat'>3)</span> <span class='ocrx_word' id='word_1_166' title='bbox 671 2659 862 2717; x_wconf 93' lang='lat' dir='ltr'>Posidonius</span> <span class='ocrx_word' id='word_1_167' title='bbox 878 2658 1087 2733; x_wconf 89' lang='lat' dir='ltr'>impugnasse</span> <span class='ocrx_word' id='word_1_168' title='bbox 1101 2658 1237 2717; x_wconf 89' lang='lat' dir='ltr'>videtur.</span> <span class='ocrx_word' id='word_1_169' title='bbox 1259 2659 1373 2733; x_wconf 90' lang='lat' dir='ltr'>Itaque</span> <span class='ocrx_word' id='word_1_170' title='bbox 1387 2660 1493 2717; x_wconf 90' lang='lat' dir='ltr'>omnia</span> <span class='ocrx_word' id='word_1_171' title='bbox 1510 2660 1712 2734; x_wconf 92' lang='lat' dir='ltr'>philosopho-</span> 
     </span>
     <span class='ocr_line' id='line_1_19' title="bbox 431 2764 1712 2842; baseline -0.001 -16"><span class='ocrx_word' id='word_1_172' title='bbox 431 2786 503 2826; x_wconf 89' lang='lat' dir='ltr'>rum</span> <span class='ocrx_word' id='word_1_173' title='bbox 514 2768 657 2842; x_wconf 90' lang='lat' dir='ltr'>placitae</span> <span class='ocrx_word' id='word_1_174' title='bbox 669 2765 838 2824; x_wconf 91' lang='lat' dir='ltr'>Posidonio</span> <span class='ocrx_word' id='word_1_175' title='bbox 850 2764 1033 2824; x_wconf 82' lang='lat' dir='ltr'>Ciceronem</span> <span class='ocrx_word' id='word_1_176' title='bbox 1045 2765 1076 2823; x_wconf 95' lang='lat' dir='ltr'>in</span> <span class='ocrx_word' id='word_1_177' title='bbox 1090 2782 1186 2823; x_wconf 89' lang='lat' dir='ltr'>suum</span> <span class='ocrx_word' id='word_1_178' title='bbox 1197 2782 1294 2824; x_wconf 92' lang='lat' dir='ltr'>usum</span> <span class='ocrx_word' id='word_1_179' title='bbox 1305 2766 1514 2841; x_wconf 91' lang='lat' dir='ltr'>convertisse,</span> <span class='ocrx_word' id='word_1_180' title='bbox 1529 2767 1618 2824; x_wconf 86' lang='lat' dir='ltr'>exiis</span> <span class='ocrx_word' id='word_1_181' title='bbox 1629 2783 1712 2840; x_wconf 90' lang='lat' dir='ltr'>quae</span> 
     </span>
     <span class='ocr_line' id='line_1_20' title="bbox 431 2871 1713 2950; baseline 0.001 -19"><span class='ocrx_word' id='word_1_182' title='bbox 431 2893 529 2950; x_wconf 86' lang='lat' dir='ltr'>supra</span> <span class='ocrx_word' id='word_1_183' title='bbox 545 2874 794 2948; x_wconf 89' lang='lat' dir='ltr'>disputavimas,</span> <span class='ocrx_word' id='word_1_184' title='bbox 814 2872 892 2931; x_wconf 89' lang='lat' dir='ltr'>satis</span> <span class='ocrx_word' id='word_1_185' title='bbox 907 2874 1054 2931; x_wconf 90' lang='lat' dir='ltr'>constare</span> <span class='ocrx_word' id='word_1_186' title='bbox 1068 2872 1203 2931; x_wconf 88' lang='lat' dir='ltr'>videtur.</span> <span class='ocrx_word' id='word_1_187' title='bbox 1224 2871 1358 2947; x_wconf 84' lang='lat' dir='ltr'>„Sed,”</span> <span class='ocrx_word' id='word_1_188' title='bbox 1376 2873 1459 2931; x_wconf 88' lang='lat' dir='ltr'>dicat</span> <span class='ocrx_word' id='word_1_189' title='bbox 1473 2873 1546 2948; x_wconf 89' lang='lat' dir='ltr'>quis</span> <span class='ocrx_word' id='word_1_190' title='bbox 1559 2874 1713 2948; x_wconf 89' lang='lat' dir='ltr'>„quidde</span> 
     </span>
     <span class='ocr_line' id='line_1_21' title="bbox 432 2979 1711 3055; baseline -0.002 -15"><span class='ocrx_word' id='word_1_191' title='bbox 432 2983 617 3055; x_wconf 88' lang='lat' dir='ltr'>Platone,</span> <span class='ocrx_word' id='word_1_192' title='bbox 648 2980 688 3039; x_wconf 85' lang='lat' dir='ltr'>de</span> <span class='ocrx_word' id='word_1_193' title='bbox 711 2979 935 3037; x_wconf 88' lang='lat' dir='ltr'>Aristotele</span> <span class='ocrx_word' id='word_1_194' title='bbox 956 2979 1156 3053; x_wconf 89' lang='lat' dir='ltr'>aliorumque</span> <span class='ocrx_word' id='word_1_195' title='bbox 1177 2979 1439 3054; x_wconf 91' lang='lat' dir='ltr'>philosophorum</span> <span class='ocrx_word' id='word_1_196' title='bbox 1461 2980 1634 3038; x_wconf 89' lang='lat' dir='ltr'>multorum</span> <span class='ocrx_word' id='word_1_197' title='bbox 1656 2997 1711 3038; x_wconf 93' lang='lat' dir='ltr'>no·</span> 
     </span>
     <span class='ocr_line' id='line_1_22' title="bbox 430 3085 1712 3164; baseline 0 -19"><span class='ocrx_word' id='word_1_198' title='bbox 430 3089 587 3164; x_wconf 90' lang='lat' dir='ltr'>minibus,</span> <span class='ocrx_word' id='word_1_199' title='bbox 612 3104 694 3162; x_wconf 86' lang='lat' dir='ltr'>quae</span> <span class='ocrx_word' id='word_1_200' title='bbox 715 3086 835 3162; x_wconf 90' lang='lat' dir='ltr'>passim</span> <span class='ocrx_word' id='word_1_201' title='bbox 856 3086 943 3161; x_wconf 90' lang='lat' dir='ltr'>apud</span> <span class='ocrx_word' id='word_1_202' title='bbox 964 3086 1052 3144; x_wconf 91' lang='lat' dir='ltr'>hunc</span> <span class='ocrx_word' id='word_1_203' title='bbox 1072 3088 1246 3145; x_wconf 92' lang='lat' dir='ltr'>occurrunt</span> <span class='ocrx_word' id='word_1_204' title='bbox 1264 3086 1470 3146; x_wconf 90' lang='lat' dir='ltr'>iudicandum</span> <span class='ocrx_word' id='word_1_205' title='bbox 1486 3085 1559 3145; x_wconf 71' lang='lat' dir='ltr'>est?</span> <span class='ocrx_word' id='word_1_206' title='bbox 1581 3087 1712 3146; x_wconf 88' lang='lat' dir='ltr'>haecine</span> 
     </span>
     <span class='ocr_line' id='line_1_23' title="bbox 430 3191 1711 3272; baseline -0.002 -17"><span class='ocrx_word' id='word_1_207' title='bbox 430 3214 559 3272; x_wconf 91' lang='lat' dir='ltr'>quoque</span> <span class='ocrx_word' id='word_1_208' title='bbox 589 3213 606 3254; x_wconf 92' lang='lat' dir='ltr'>e</span> <span class='ocrx_word' id='word_1_209' title='bbox 638 3195 808 3253; x_wconf 90' lang='lat' dir='ltr'>Posidonio</span> <span class='ocrx_word' id='word_1_210' title='bbox 838 3191 1054 3252; x_wconf 74' lang='lat' dir='ltr'>fluxerunt?”</span> <span class='ocrx_word' id='word_1_211' title='bbox 1088 3194 1137 3252; x_wconf 89' lang='lat' dir='ltr'>Ita</span> <span class='ocrx_word' id='word_1_212' title='bbox 1169 3197 1226 3252; x_wconf 89' lang='lat' dir='ltr'>est.</span> <span class='ocrx_word' id='word_1_213' title='bbox 1260 3195 1331 3252; x_wconf 92' lang='lat' dir='ltr'>Non</span> <span class='ocrx_word' id='word_1_214' title='bbox 1364 3195 1473 3254; x_wconf 92' lang='lat' dir='ltr'>Cicero</span> <span class='ocrx_word' id='word_1_215' title='bbox 1503 3195 1555 3252; x_wconf 90' lang='lat' dir='ltr'>ille</span> <span class='ocrx_word' id='word_1_216' title='bbox 1582 3195 1711 3268; x_wconf 91' lang='lat' dir='ltr'>quidem</span> 
     </span>
     <span class='ocr_line' id='line_1_24' title="bbox 430 3300 1710 3379; baseline -0.002 -16"><span class='ocrx_word' id='word_1_217' title='bbox 430 3320 565 3379; x_wconf 90' lang='lat' dir='ltr'>prorsus</span> <span class='ocrx_word' id='word_1_218' title='bbox 587 3302 703 3361; x_wconf 90' lang='lat' dir='ltr'>veteris</span> <span class='ocrx_word' id='word_1_219' title='bbox 725 3301 943 3377; x_wconf 89' lang='lat' dir='ltr'>philosophiae</span> <span class='ocrx_word' id='word_1_220' title='bbox 964 3300 1103 3360; x_wconf 89' lang='lat' dir='ltr'>Graecae</span> <span class='ocrx_word' id='word_1_221' title='bbox 1123 3301 1290 3375; x_wconf 90' lang='lat' dir='ltr'>imperitus</span> <span class='ocrx_word' id='word_1_222' title='bbox 1312 3301 1388 3376; x_wconf 87' lang='lat' dir='ltr'>fuit,</span> <span class='ocrx_word' id='word_1_223' title='bbox 1417 3302 1596 3377; x_wconf 88' lang='lat' dir='ltr'>Platonem,</span> <span class='ocrx_word' id='word_1_224' title='bbox 1622 3302 1710 3360; x_wconf 90' lang='lat' dir='ltr'>verbi</span> 
     </span>
     <span class='ocr_line' id='line_1_25' title="bbox 430 3406 1711 3486; baseline -0.002 -15"><span class='ocrx_word' id='word_1_225' title='bbox 430 3429 543 3486; x_wconf 89' lang='lat' dir='ltr'>causa,</span> <span class='ocrx_word' id='word_1_226' title='bbox 575 3413 630 3469; x_wconf 91' lang='lat' dir='ltr'>aut</span> <span class='ocrx_word' id='word_1_227' title='bbox 657 3412 760 3468; x_wconf 89' lang='lat' dir='ltr'>totum</span> <span class='ocrx_word' id='word_1_228' title='bbox 788 3411 844 3467; x_wconf 89' lang='lat' dir='ltr'>aut</span> <span class='ocrx_word' id='word_1_229' title='bbox 872 3409 987 3483; x_wconf 90' lang='lat' dir='ltr'>partim</span> <span class='ocrx_word' id='word_1_230' title='bbox 1016 3409 1127 3466; x_wconf 87' lang='lat' dir='ltr'>saltem</span> <span class='ocrx_word' id='word_1_231' title='bbox 1155 3409 1231 3484; x_wconf 89' lang='lat' dir='ltr'>legit</span> <span class='ocrx_word' id='word_1_232' title='bbox 1240 3406 1283 3483; x_wconf 78' lang='lat'>4);</span> <span class='ocrx_word' id='word_1_233' title='bbox 1313 3409 1369 3467; x_wconf 89' lang='lat' dir='ltr'>sed</span> <span class='ocrx_word' id='word_1_234' title='bbox 1390 3409 1473 3467; x_wconf 89' lang='lat' dir='ltr'>inter</span> <span class='ocrx_word' id='word_1_235' title='bbox 1495 3410 1580 3467; x_wconf 90' lang='lat' dir='ltr'>viros</span> <span class='ocrx_word' id='word_1_236' title='bbox 1602 3409 1711 3469; x_wconf 87' lang='lat' dir='ltr'>doctos</span> 
     </span>
     <span class='ocr_line' id='line_1_26' title="bbox 430 3515 1712 3591; baseline 0 -15"><span class='ocrx_word' id='word_1_237' title='bbox 430 3520 492 3578; x_wconf 90' lang='lat' dir='ltr'>iam</span> <span class='ocrx_word' id='word_1_238' title='bbox 524 3519 648 3576; x_wconf 92' lang='lat' dir='ltr'>dudum</span> <span class='ocrx_word' id='word_1_239' title='bbox 679 3519 803 3575; x_wconf 88' lang='lat' dir='ltr'>constat</span> <span class='ocrx_word' id='word_1_240' title='bbox 835 3515 995 3575; x_wconf 86' lang='lat' dir='ltr'>Ciceronis</span> <span class='ocrx_word' id='word_1_241' title='bbox 1027 3515 1067 3574; x_wconf 91' lang='lat' dir='ltr'>de</span> <span class='ocrx_word' id='word_1_242' title='bbox 1095 3516 1294 3591; x_wconf 90' lang='lat' dir='ltr'>philosophia</span> <span class='ocrx_word' id='word_1_243' title='bbox 1321 3516 1421 3574; x_wconf 91' lang='lat' dir='ltr'>libros</span> <span class='ocrx_word' id='word_1_244' title='bbox 1450 3533 1514 3575; x_wconf 91' lang='lat' dir='ltr'>non</span> <span class='ocrx_word' id='word_1_245' title='bbox 1543 3517 1712 3591; x_wconf 90' lang='lat' dir='ltr'>praecipue</span> 
     </span>
     <span class='ocr_line' id='line_1_27' title="bbox 430 3622 1710 3699; baseline -0.002 -14"><span class='ocrx_word' id='word_1_246' title='bbox 430 3628 592 3685; x_wconf 89' lang='lat' dir='ltr'>continere</span> <span class='ocrx_word' id='word_1_247' title='bbox 621 3625 723 3699; x_wconf 91' lang='lat' dir='ltr'>ipsius</span> <span class='ocrx_word' id='word_1_248' title='bbox 751 3640 849 3697; x_wconf 93' lang='lat' dir='ltr'>super</span> <span class='ocrx_word' id='word_1_249' title='bbox 877 3622 937 3681; x_wconf 89' lang='lat' dir='ltr'>hac</span> <span class='ocrx_word' id='word_1_250' title='bbox 965 3639 999 3680; x_wconf 92' lang='lat' dir='ltr'>re</span> <span class='ocrx_word' id='word_1_251' title='bbox 1027 3623 1150 3697; x_wconf 89' lang='lat' dir='ltr'>studia,</span> <span class='ocrx_word' id='word_1_252' title='bbox 1186 3623 1242 3682; x_wconf 91' lang='lat' dir='ltr'>sed</span> <span class='ocrx_word' id='word_1_253' title='bbox 1269 3640 1342 3681; x_wconf 92' lang='lat' dir='ltr'>eum</span> <span class='ocrx_word' id='word_1_254' title='bbox 1370 3624 1474 3682; x_wconf 88' lang='lat' dir='ltr'>fontes</span> <span class='ocrx_word' id='word_1_255' title='bbox 1502 3623 1640 3683; x_wconf 88' lang='lat' dir='ltr'>Graecos</span> <span class='ocrx_word' id='word_1_256' title='bbox 1667 3624 1710 3682; x_wconf 91' lang='lat' dir='ltr'>ita</span> 
     </span>
     <span class='ocr_line' id='line_1_28' title="bbox 429 3728 1710 3807; baseline -0.002 -16"><span class='ocrx_word' id='word_1_257' title='bbox 429 3735 672 3807; x_wconf 90' lang='lat' dir='ltr'>interpretatum</span> <span class='ocrx_word' id='word_1_258' title='bbox 700 3746 786 3804; x_wconf 91' lang='lat' dir='ltr'>esse,</span> <span class='ocrx_word' id='word_1_259' title='bbox 818 3732 853 3787; x_wconf 92' lang='lat' dir='ltr'>ut</span> <span class='ocrx_word' id='word_1_260' title='bbox 882 3747 899 3787; x_wconf 90' lang='lat' dir='ltr'>a</span> <span class='ocrx_word' id='word_1_261' title='bbox 925 3729 1135 3804; x_wconf 92' lang='lat' dir='ltr'>popularibus</span> <span class='ocrx_word' id='word_1_262' title='bbox 1156 3729 1295 3806; x_wconf 87' lang='lat' dir='ltr'>intellegi</span> <span class='ocrx_word' id='word_1_263' title='bbox 1316 3733 1446 3804; x_wconf 88' lang='lat' dir='ltr'>possent</span> <span class='ocrx_word' id='word_1_264' title='bbox 1456 3728 1494 3806; x_wconf 85' lang='lat'>5).</span> <span class='ocrx_word' id='word_1_265' title='bbox 1527 3730 1710 3805; x_wconf 91' lang='lat' dir='ltr'>Philosophi</span> 
     </span>
     <span class='ocr_line' id='line_1_29' title="bbox 429 3836 1708 3913; baseline -0.002 -14"><span class='ocrx_word' id='word_1_266' title='bbox 429 3844 534 3899; x_wconf 90' lang='lat' dir='ltr'>autem</span> <span class='ocrx_word' id='word_1_267' title='bbox 568 3841 690 3896; x_wconf 89' lang='lat' dir='ltr'>veteres</span> <span class='ocrx_word' id='word_1_268' title='bbox 722 3837 798 3911; x_wconf 92' lang='lat' dir='ltr'>quid</span> <span class='ocrx_word' id='word_1_269' title='bbox 831 3837 985 3894; x_wconf 89' lang='lat' dir='ltr'>sentirent</span> <span class='ocrx_word' id='word_1_270' title='bbox 1016 3836 1056 3894; x_wconf 92' lang='lat' dir='ltr'>de</span> <span class='ocrx_word' id='word_1_271' title='bbox 1086 3836 1281 3896; x_wconf 90' lang='lat' dir='ltr'>divinatione</span> <span class='ocrx_word' id='word_1_272' title='bbox 1310 3838 1420 3897; x_wconf 89' lang='lat' dir='ltr'>eiusve</span> <span class='ocrx_word' id='word_1_273' title='bbox 1450 3838 1596 3913; x_wconf 90' lang='lat' dir='ltr'>partibus</span> <span class='ocrx_word' id='word_1_274' title='bbox 1624 3838 1708 3913; x_wconf 91' lang='lat' dir='ltr'>apud</span> 
     </span>
     <span class='ocr_line' id='line_1_30' title="bbox 430 3943 1711 4021; baseline -0.002 -16"><span class='ocrx_word' id='word_1_275' title='bbox 430 3947 636 4005; x_wconf 90' lang='lat' dir='ltr'>Posidonium</span> <span class='ocrx_word' id='word_1_276' title='bbox 668 3945 772 4019; x_wconf 90' lang='lat' dir='ltr'>legere</span> <span class='ocrx_word' id='word_1_277' title='bbox 802 3944 918 4018; x_wconf 90' lang='lat' dir='ltr'>potuit;</span> <span class='ocrx_word' id='word_1_278' title='bbox 950 3944 1040 4017; x_wconf 90' lang='lat' dir='ltr'>atqui</span> <span class='ocrx_word' id='word_1_279' title='bbox 1072 3943 1278 4002; x_wconf 90' lang='lat' dir='ltr'>Posidonium</span> <span class='ocrx_word' id='word_1_280' title='bbox 1310 3945 1342 4002; x_wconf 93' lang='lat' dir='ltr'>in</span> <span class='ocrx_word' id='word_1_281' title='bbox 1371 3945 1490 4003; x_wconf 91' lang='lat' dir='ltr'>maiore</span> <span class='ocrx_word' id='word_1_282' title='bbox 1516 3946 1589 4004; x_wconf 90' lang='lat' dir='ltr'>libri</span> <span class='ocrx_word' id='word_1_283' title='bbox 1617 3946 1711 4021; x_wconf 91' lang='lat' dir='ltr'>primi</span> 
     </span>
     <span class='ocr_line' id='line_1_31' title="bbox 429 4050 1710 4128; baseline -0.001 -16"><span class='ocrx_word' id='word_1_284' title='bbox 429 4057 535 4128; x_wconf 88' lang='lat' dir='ltr'>parte,</span> <span class='ocrx_word' id='word_1_285' title='bbox 561 4056 595 4111; x_wconf 91' lang='lat' dir='ltr'>ut</span> <span class='ocrx_word' id='word_1_286' title='bbox 614 4052 768 4125; x_wconf 91' lang='lat' dir='ltr'>vidimus,</span> <span class='ocrx_word' id='word_1_287' title='bbox 794 4050 952 4122; x_wconf 91' lang='lat' dir='ltr'>adhibuit;</span> <span class='ocrx_word' id='word_1_288' title='bbox 975 4066 1052 4125; x_wconf 90' lang='lat' dir='ltr'>ergo</span> <span class='ocrx_word' id='word_1_289' title='bbox 1069 4051 1128 4108; x_wconf 90' lang='lat' dir='ltr'>has</span> <span class='ocrx_word' id='word_1_290' title='bbox 1146 4068 1275 4124; x_wconf 90' lang='lat' dir='ltr'>quoque</span> <span class='ocrx_word' id='word_1_291' title='bbox 1289 4054 1432 4109; x_wconf 89' lang='lat' dir='ltr'>veterum</span> <span class='ocrx_word' id='word_1_292' title='bbox 1447 4053 1710 4127; x_wconf 91' lang='lat' dir='ltr'>philosophorum</span> 
     </span>
     <span class='ocr_line' id='line_1_32' title="bbox 429 4157 1706 4236; baseline -0.001 -17"><span class='ocrx_word' id='word_1_293' title='bbox 429 4161 594 4236; x_wconf 89' lang='lat' dir='ltr'>opiniones</span> <span class='ocrx_word' id='word_1_294' title='bbox 625 4176 664 4217; x_wconf 90' lang='lat' dir='ltr'>ex</span> <span class='ocrx_word' id='word_1_295' title='bbox 695 4158 805 4216; x_wconf 92' lang='lat' dir='ltr'>eodem</span> <span class='ocrx_word' id='word_1_296' title='bbox 836 4157 1025 4231; x_wconf 91' lang='lat' dir='ltr'>philosopho</span> <span class='ocrx_word' id='word_1_297' title='bbox 1054 4157 1201 4216; x_wconf 88' lang='lat' dir='ltr'>hausisse</span> <span class='ocrx_word' id='word_1_298' title='bbox 1228 4174 1302 4215; x_wconf 89' lang='lat' dir='ltr'>eum</span> <span class='ocrx_word' id='word_1_299' title='bbox 1330 4158 1397 4216; x_wconf 92' lang='lat' dir='ltr'>veri</span> <span class='ocrx_word' id='word_1_300' title='bbox 1426 4159 1621 4218; x_wconf 90' lang='lat' dir='ltr'>simillimum</span> <span class='ocrx_word' id='word_1_301' title='bbox 1649 4163 1706 4219; x_wconf 90' lang='lat' dir='ltr'>est.</span> 
     </span>
    </p>

    <p class='ocr_par' dir='ltr' id='par_1_3' title="bbox 472 4264 1710 4354">
     <span class='ocr_line' id='line_1_33' title="bbox 472 4264 1710 4354; baseline -0.001 -28"><span class='ocrx_word' id='word_1_302' title='bbox 472 4267 533 4327; x_wconf 89' lang='lat' dir='ltr'>Sed</span> <span class='ocrx_word' id='word_1_303' title='bbox 560 4267 620 4325; x_wconf 91' lang='lat' dir='ltr'>hoc</span> <span class='ocrx_word' id='word_1_304' title='bbox 641 4283 705 4324; x_wconf 93' lang='lat' dir='ltr'>non</span> <span class='ocrx_word' id='word_1_305' title='bbox 727 4265 822 4322; x_wconf 91' lang='lat' dir='ltr'>nimis</span> <span class='ocrx_word' id='word_1_306' title='bbox 844 4264 1050 4354; x_wconf 84' lang='lat' dir='ltr'>urguendum</span> <span class='ocrx_word' id='word_1_307' title='bbox 1071 4267 1133 4323; x_wconf 92' lang='lat' dir='ltr'>est:</span> <span class='ocrx_word' id='word_1_308' title='bbox 1161 4265 1234 4338; x_wconf 93' lang='lat' dir='ltr'>quis</span> <span class='ocrx_word' id='word_1_309' title='bbox 1256 4265 1340 4323; x_wconf 90' lang='lat' dir='ltr'>enim</span> <span class='ocrx_word' id='word_1_310' title='bbox 1362 4282 1420 4340; x_wconf 90' lang='lat' dir='ltr'>pro</span> <span class='ocrx_word' id='word_1_311' title='bbox 1441 4269 1526 4325; x_wconf 89' lang='lat' dir='ltr'>certo</span> <span class='ocrx_word' id='word_1_312' title='bbox 1547 4266 1710 4326; x_wconf 82' lang='lat' dir='ltr'>affirmare</span> 
     </span>
    </p>
   </div>
   <div class='ocr_carea' id='block_1_3' title="bbox 427 4521 1709 5324">
    <p class='ocr_par' dir='ltr' id='par_1_4' title="bbox 427 4521 1709 4949">
     <span class='ocr_line' id='line_1_34' title="bbox 463 4521 1709 4590; baseline 0.001 -16"><span class='ocrx_word' id='word_1_313' title='bbox 463 4525 487 4590; x_wconf 91' lang='lat'>1)</span> <span class='ocrx_word' id='word_1_314' title='bbox 524 4523 669 4574; x_wconf 84' lang='lat' dir='ltr'>Carneades</span> <span class='ocrx_word' id='word_1_315' title='bbox 691 4523 746 4589; x_wconf 89' lang='lat' dir='ltr'>ipse</span> <span class='ocrx_word' id='word_1_316' title='bbox 764 4522 829 4572; x_wconf 90' lang='lat' dir='ltr'>nihil</span> <span class='ocrx_word' id='word_1_317' title='bbox 848 4521 939 4573; x_wconf 85' lang='lat' dir='ltr'>litteris</span> <span class='ocrx_word' id='word_1_318' title='bbox 958 4522 1106 4585; x_wconf 81' lang='lat' dir='ltr'>mandavit,</span> <span class='ocrx_word' id='word_1_319' title='bbox 1131 4522 1175 4573; x_wconf 89' lang='lat' dir='ltr'>sed</span> <span class='ocrx_word' id='word_1_320' title='bbox 1195 4521 1368 4573; x_wconf 84' lang='lat' dir='ltr'>Clitomachus</span> <span class='ocrx_word' id='word_1_321' title='bbox 1386 4523 1441 4574; x_wconf 87' lang='lat' dir='ltr'>eius</span> <span class='ocrx_word' id='word_1_322' title='bbox 1460 4522 1553 4589; x_wconf 83' lang='lat' dir='ltr'>placila</span> <span class='ocrx_word' id='word_1_323' title='bbox 1572 4525 1709 4576; x_wconf 88' lang='lat' dir='ltr'>memoriae</span> 
     </span>
     <span class='ocr_line' id='line_1_35' title="bbox 429 4613 1079 4681; baseline 0.011 -18"><span class='ocrx_word' id='word_1_324' title='bbox 429 4613 549 4681; x_wconf 88' lang='lat' dir='ltr'>prodidit.</span> <span class='ocrx_word' id='word_1_325' title='bbox 1074 4660 1079 4670; x_wconf 90' lang='lat'>.</span> 
     </span>
     <span class='ocr_line' id='line_1_36' title="bbox 462 4699 1708 4768; baseline 0.002 -17"><span class='ocrx_word' id='word_1_326' title='bbox 462 4701 485 4761; x_wconf 70' lang='lat'>2)</span> <span class='ocrx_word' id='word_1_327' title='bbox 521 4701 586 4751; x_wconf 61' lang='lat' dir='ltr'>nalal</span> <span class='ocrx_word' id='word_1_328' title='bbox 604 4708 640 4751; x_wconf 81' lang='lat' dir='ltr'>ert</span> <span class='ocrx_word' id='word_1_329' title='bbox 658 4701 725 4767; x_wconf 85' lang='lat' dir='ltr'>quod</span> <span class='ocrx_word' id='word_1_330' title='bbox 743 4719 798 4750; x_wconf 86' lang='lat' dir='ltr'>eum</span> <span class='ocrx_word' id='word_1_331' title='bbox 817 4700 855 4750; x_wconf 80' lang='lat' dir='ltr'>lis</span> <span class='ocrx_word' id='word_1_332' title='bbox 873 4717 1021 4766; x_wconf 67' lang='lat' dir='ltr'>magnopere</span> <span class='ocrx_word' id='word_1_333' title='bbox 1038 4717 1180 4766; x_wconf 73' lang='lat' dir='ltr'>pugnemus</span> <span class='ocrx_word' id='word_1_334' title='bbox 1199 4699 1260 4768; x_wconf 87' lang='lat' dir='ltr'>(scil.</span> <span class='ocrx_word' id='word_1_335' title='bbox 1276 4717 1333 4750; x_wconf 90' lang='lat' dir='ltr'>oum</span> <span class='ocrx_word' id='word_1_336' title='bbox 1353 4700 1511 4752; x_wconf 84' lang='lat' dir='ltr'>Dicaearcho</span> <span class='ocrx_word' id='word_1_337' title='bbox 1526 4711 1551 4753; x_wconf 88' lang='lat' dir='ltr'>et</span> <span class='ocrx_word' id='word_1_338' title='bbox 1566 4702 1708 4768; x_wconf 81' lang='lat' dir='ltr'>Cratippo).</span> 
     </span>
     <span class='ocr_line' id='line_1_37' title="bbox 429 4771 1707 4857; baseline 0 -15"><span class='ocrx_word' id='word_1_339' title='bbox 429 4791 518 4842; x_wconf 86' lang='lat' dir='ltr'>Mente</span> <span class='ocrx_word' id='word_1_340' title='bbox 536 4789 707 4857; x_wconf 87' lang='lat' dir='ltr'>supplendum</span> <span class='ocrx_word' id='word_1_341' title='bbox 727 4798 764 4840; x_wconf 90' lang='lat' dir='ltr'>est</span> <span class='ocrx_word' id='word_1_342' title='bbox 778 4789 914 4839; x_wconf 86' lang='lat' dir='ltr'>nimirum:</span> <span class='ocrx_word' id='word_1_343' title='bbox 935 4787 995 4851; x_wconf 87' lang='lat' dir='ltr'>„sed</span> <span class='ocrx_word' id='word_1_344' title='bbox 1010 4795 1047 4839; x_wconf 92' lang='lat' dir='ltr'>est</span> <span class='ocrx_word' id='word_1_345' title='bbox 1063 4788 1131 4855; x_wconf 92' lang='lat' dir='ltr'>quod</span> <span class='ocrx_word' id='word_1_346' title='bbox 1146 4805 1289 4855; x_wconf 88' lang='lat' dir='ltr'>pugnemus</span> <span class='ocrx_word' id='word_1_347' title='bbox 1303 4771 1360 4840; x_wconf 78' lang='lat' dir='ltr'>cum</span> <span class='ocrx_word' id='word_1_348' title='bbox 1377 4790 1464 4851; x_wconf 80' lang='lat' dir='ltr'>aliis,’&#39;</span> <span class='ocrx_word' id='word_1_349' title='bbox 1484 4799 1626 4857; x_wconf 88' lang='lat' dir='ltr'>sequuntur</span> <span class='ocrx_word' id='word_1_350' title='bbox 1640 4792 1707 4844; x_wconf 89' lang='lat' dir='ltr'>enim</span> 
     </span>
     <span class='ocr_line' id='line_1_38' title="bbox 427 4879 1433 4949; baseline -0.002 -16"><span class='ocrx_word' id='word_1_351' title='bbox 427 4881 503 4933; x_wconf 85' lang='lat' dir='ltr'>haec:</span> <span class='ocrx_word' id='word_1_352' title='bbox 519 4880 668 4949; x_wconf 72' lang='lat' dir='ltr'>praesertim</span> <span class='ocrx_word' id='word_1_353' title='bbox 686 4897 741 4930; x_wconf 86' lang='lat' dir='ltr'>cum</span> <span class='ocrx_word' id='word_1_354' title='bbox 759 4880 810 4930; x_wconf 80' lang='lat' dir='ltr'>aiut</span> <span class='ocrx_word' id='word_1_355' title='bbox 828 4879 873 4946; x_wconf 78' lang='lat' dir='ltr'>qui</span> <span class='ocrx_word' id='word_1_356' title='bbox 891 4879 992 4929; x_wconf 78' lang='lat' dir='ltr'>omuino</span> <span class='ocrx_word' id='word_1_357' title='bbox 1010 4879 1108 4929; x_wconf 83' lang='lat' dir='ltr'>uultum</span> <span class='ocrx_word' id='word_1_358' title='bbox 1126 4879 1306 4930; x_wconf 79' lang='lat' dir='ltr'>diuinationem</span> <span class='ocrx_word' id='word_1_359' title='bbox 1321 4880 1433 4948; x_wconf 76' lang='lat' dir='ltr'>probent.</span> 
     </span>
    </p>

    <p class='ocr_par' dir='ltr' id='par_1_5' title="bbox 427 4967 1708 5131">
     <span class='ocr_line' id='line_1_39' title="bbox 462 4967 1708 5038; baseline 0.001 -15"><span class='ocrx_word' id='word_1_360' title='bbox 462 4969 487 5038; x_wconf 76' lang='grc'>3)</span> <span class='ocrx_word' id='word_1_361' title='bbox 523 4969 562 5023; x_wconf 83' lang='lat' dir='ltr'>Cf.</span> <span class='ocrx_word' id='word_1_362' title='bbox 579 4968 708 5024; x_wconf 81' lang='lat' dir='ltr'>Sorofrum</span> <span class='ocrx_word' id='word_1_363' title='bbox 728 4969 760 5022; x_wconf 88' lang='lat' dir='ltr'>ad</span> <span class='ocrx_word' id='word_1_364' title='bbox 779 4968 831 5021; x_wconf 82' lang='lat' dir='ltr'>eie.</span> <span class='ocrx_word' id='word_1_365' title='bbox 848 4968 924 5021; x_wconf 78' lang='lat' dir='ltr'>Tuae.</span> <span class='ocrx_word' id='word_1_366' title='bbox 939 4967 966 5033; x_wconf 90' lang='grc' dir='ltr'>Ι,</span> <span class='ocrx_word' id='word_1_367' title='bbox 986 4971 1001 5037; x_wconf 64' lang='grc' dir='ltr'><strong>ἕ</strong></span> <span class='ocrx_word' id='word_1_368' title='bbox 1019 4967 1069 5034; x_wconf 87' lang='grc'>48;</span> <span class='ocrx_word' id='word_1_369' title='bbox 1090 4969 1132 5034; x_wconf 90' lang='lat'>11,</span> <span class='ocrx_word' id='word_1_370' title='bbox 1152 4970 1166 5038; x_wconf 83' lang='lat'>§</span> <span class='ocrx_word' id='word_1_371' title='bbox 1183 4969 1214 5022; x_wconf 89' lang='lat'>8:</span> <span class='ocrx_word' id='word_1_372' title='bbox 1234 4969 1376 5038; x_wconf 75' lang='lat' dir='ltr'>Epicurum</span> <span class='ocrx_word' id='word_1_373' title='bbox 1394 4979 1477 5024; x_wconf 83' lang='lat' dir='ltr'>autem</span> <span class='ocrx_word' id='word_1_374' title='bbox 1496 4979 1519 5024; x_wconf 84' lang='lat' dir='ltr'>et</span> <span class='ocrx_word' id='word_1_375' title='bbox 1537 4971 1708 5024; x_wconf 79' lang='lat' dir='ltr'>Metrodorum</span> 
     </span>
     <span class='ocr_line' id='line_1_40' title="bbox 427 5059 1360 5131; baseline 0 -16"><span class='ocrx_word' id='word_1_376' title='bbox 427 5076 478 5115; x_wconf 79' lang='lat' dir='ltr'>rou</span> <span class='ocrx_word' id='word_1_377' title='bbox 489 5062 546 5131; x_wconf 75' lang='lat' dir='ltr'>sere</span> <span class='ocrx_word' id='word_1_378' title='bbox 561 5068 663 5131; x_wconf 66' lang='lat' dir='ltr'>praem</span> <span class='ocrx_word' id='word_1_379' title='bbox 680 5078 738 5113; x_wconf 77' lang='lat' dir='ltr'>auor</span> <span class='ocrx_word' id='word_1_380' title='bbox 757 5060 891 5130; x_wconf 80' lang='lat' dir='ltr'>quicquam</span> <span class='ocrx_word' id='word_1_381' title='bbox 908 5060 937 5114; x_wconf 83' lang='lat' dir='ltr'>iu</span> <span class='ocrx_word' id='word_1_382' title='bbox 954 5077 1045 5113; x_wconf 77' lang='lat' dir='ltr'>mcum</span> <span class='ocrx_word' id='word_1_383' title='bbox 1063 5060 1149 5128; x_wconf 59' lang='lat' dir='ltr'>rumim</span> <span class='ocrx_word' id='word_1_384' title='bbox 1169 5059 1200 5114; x_wconf 85' lang='lat' dir='ltr'>ct.</span> <span class='ocrx_word' id='word_1_385' title='bbox 1220 5060 1298 5114; x_wconf 83' lang='lat' dir='ltr'>etium</span> <span class='ocrx_word' id='word_1_386' title='bbox 1317 5062 1360 5116; x_wconf 75' lang='lat'>45.</span> 
     </span>
    </p>

    <p class='ocr_par' dir='ltr' id='par_1_6' title="bbox 462 5150 707 5222">
     <span class='ocr_line' id='line_1_41' title="bbox 462 5150 707 5222; baseline -0.008 -16"><span class='ocrx_word' id='word_1_387' title='bbox 462 5151 485 5220; x_wconf 77' lang='lat'>⁴)</span> <span class='ocrx_word' id='word_1_388' title='bbox 521 5154 552 5206; x_wconf 78' lang='lat' dir='ltr'>ot.</span> <span class='ocrx_word' id='word_1_389' title='bbox 571 5150 614 5222; x_wconf 82' lang='lat' dir='ltr'>II,</span> <span class='ocrx_word' id='word_1_390' title='bbox 633 5151 663 5222; x_wconf 79' lang='grc'>2,</span> <span class='ocrx_word' id='word_1_391' title='bbox 683 5152 707 5208; x_wconf 90' lang='grc'>6.</span> 
     </span>
    </p>

    <p class='ocr_par' dir='ltr' id='par_1_7' title="bbox 463 5235 857 5324">
     <span class='ocr_line' id='line_1_42' title="bbox 463 5235 857 5324; baseline -0.013 -19"><span class='ocrx_word' id='word_1_392' title='bbox 463 5235 485 5319; x_wconf 74' lang='lat' dir='ltr'>a</span> <span class='ocrx_word' id='word_1_393' title='bbox 521 5244 552 5305; x_wconf 77' lang='lat' dir='ltr'>u.</span> <span class='ocrx_word' id='word_1_394' title='bbox 573 5241 767 5304; x_wconf 62' lang='lat' dir='ltr'>namuurum</span> <span class='ocrx_word' id='word_1_395' title='bbox 789 5258 813 5324; x_wconf 72' lang='lat' dir='ltr'>p.</span> <span class='ocrx_word' id='word_1_396' title='bbox 836 5241 857 5302; x_wconf 87' lang='lat'>1.</span> 
     </span>
    </p>
   </div>
   <div class='ocr_carea' id='block_1_4' title="bbox 0 0 2068 6293">
    <p class='ocr_par' dir='ltr' id='par_1_8' title="bbox 0 0 2068 6293">
     <span class='ocr_line' id='line_1_43' title="bbox 0 0 2068 6293; baseline 0 0"><span class='ocrx_word' id='word_1_397' title='bbox 0 0 2068 6293; x_wconf 95' lang='lat' dir='ltr'> </span> 
     </span>
    </p>
   </div>
  </div>
 </body>
</html>
