4125 6300
445 928 625 995 solentiam
667 933 845 1013 putantur

446 1040 592 1102 effecisse
621 1044 661 1103 ut
683 1040 845 1119 praedici

439 1150 558 1225 posset
599 1147 686 1225 quid
721 1147 844 1225 auique

444 1256 643 1316 euenturum
693 1258 726 1316 et
773 1273 842 1333 quo

443 1361 591 1441 quisque
626 1363 700 1423 talo
737 1364 843 1423 natus

442 1471 536 1530 esset.
567 1468 710 1530 eandem
732 1470 841 1528 arlem

442 1574 548 1637 etiam
576 1574 742 1654 Aeyuptii
770 1575 841 1635 lon·

439 1681 841 1761 qinquitalelemporum

487 1787 802 1851 innumerabilibus

435 1914 550 1974 paene
566 1895 712 1962 saeculis
729 1914 840 1957 eonse-

440 2003 513 2064 ouli
534 2006 721 2081 putantur.
761 2002 840 2064 Cili·

439 2128 517 2171 eum
549 2112 666 2171 autem
694 2112 726 2170 el
753 2109 840 2171 Pisi·

440 2216 567 2277 tlarum
603 2234 687 2295 qens
722 2219 754 2277 et
786 2216 841 2277 bis

439 2322 607 2385 finituma
629 2322 840 2401 Pamphylia

440 2476 493 2491 ...
511 2477 517 2491 .
535 2429 710 2492 volatibus
721 2428 839 2491 auium

439 2536 674 2616 euntibusque,
690 2538 752 2613 <ut
772 2554 838 2597 oer-

440 2643 716 2723 llssimissiqnis‚
729 2643 803 2705 deal
826 2676 837 2686 -

1365 932 1384 1014 ξ
1397 936 1444 996 91.
1460 932 1499 996 in
1509 933 1615 1015 Syria
1627 932 1724 998 Obal·

1324 1042 1404 1104 daei
1442 1043 1641 1121 ooqnitione
1671 1062 1724 1105 as·

1323 1151 1458 1210 trorum
1499 1150 1726 1229 sollertiaque

1322 1254 1545 1335 inaeniorum
1581 1258 1723 1318 anteoel·

1323 1361 1408 1424 lunt.

1363 1575 1453 1654 §brt
1499 1576 1624 1637 etenim
1660 1575 1722 1637 Ae-

1320 1682 1436 1760 ouptii
1470 1685 1502 1743 et
1533 1682 1723 1761 Babylonii

1322 1834 1420 1849 .....
1446 1807 1583 1851 omnem
1601 1808 1722 1851 euram

1320 1895 1358 1957 in
1388 1896 1543 1957 siderum
1576 1896 1721 1976 ooyniti·

1279 2000 1281 2005 ’
1321 2020 1385 2063 one
1401 2006 1606 2080 posuerunt.

1362 2108 1452 2187 592.
1487 2109 1640 2188 Pbryoes
1661 2127 1720 2170 au·

1297 2222 1300 2289 t
1321 2218 1387 2277 tem
1399 2219 1431 2277 et
1442 2215 1585 2277 Pisidae
1595 2219 1627 2277 el
1640 2216 1720 2278 Cili·

1297 2298 1299 2395 ἵ
1320 2341 1371 2383 oes
1393 2326 1424 2384 et
1445 2322 1604 2384 Arabum
1620 2322 1720 2385 natio

1322 2430 1374 2508 (of.
1397 2430 1416 2508 ξ
1435 2429 1487 2507 94)
1512 2430 1631 2491 auium
1652 2430 1720 2510 siq-

1320 2537 1585 2599 nitioationibus
1606 2537 1719 2615 pluri·

1319 2662 1416 2704 mum
1487 2644 1716 2722 obtemperat,

437 2750 514 2811 rari
540 2769 595 2812 res
614 2752 755 2811 tuturus
771 2769 836 2828 pu·
1320 2751 1416 2830 quod
1452 2750 1545 2812 idem
1582 2750 1718 2812 laetita-

439 2859 525 2921 tant.
1320 2857 1449 2920 lumin
1473 2858 1616 2919 Umbria
1632 2876 1719 2919 aeae-

1315 2965 1445 3045 pimus.
1545 3040 1547 3045 Ι

479 3071 543 3150 §b
569 3070 749 3149 principio
760 3071 835 3132 bui·
919 3073 1003 3153 §84
1036 3074 1143 3154 <quid
1154 3077 1203 3135 est
1213 3074 1276 3154 toi·
1361 3073 1445 3153 595.
1470 3072 1719 3152 quisueronon

437 3198 479 3240 us
504 3179 601 3240 urbis
618 3197 749 3257 parens
770 3179 835 3240 Ro·
879 3184 936 3242 tur
959 3201 1020 3242 uir
1042 3181 1276 3244 dubitandum
1318 3175 1411 3241 videl
1426 3180 1622 3259 inoptuma
1635 3198 1717 3258 qna-

437 3286 554 3347 mnlus
582 3303 675 3354 ,non
722 3286 836 3347 solum
876 3285 942 3364 sit>
968 3287 1001 3348 si
1024 3287 1278 3365 sapientissimi
1320 3305 1386 3365 que
1411 3305 1449 3348 re
1470 3285 1616 3364 pribliea
1637 3286 1717 3364 pl-

437 3393 618 3472 auspioato
629 3392 748 3454 urbem
759 3410 835 3453 oon·
877 3392 945 3454 oiri
967 3393 1029 3472 qui
1049 3395 1277 3472 respublicas
1317 3393 1447 3455 rimum
1490 3393 1650 3484 auspicia
1686 3396 1718 3454 et

437 3500 584 3576 didisse,
608 3500 668 3561 secl
686 3499 760 3578 ipse
777 3498 835 3560 eti·
855 3507 858 3607 A
877 3503 974 3561 oonsl
982 3500 1146 3578 luerunt,
1215 3503 1277 3581 qui
1316 3501 1454 3580 reliqua
1467 3500 1654 3561 divinandi
1663 3519 1717 3578 oe-

436 3625 495 3668 am
526 3608 691 3684 optumus
719 3623 836 3685 auqur
867 3607 975 3668 urbis
1046 3608 1277 3670 eondiderunt
1317 3624 1402 3668 nera
1422 3608 1581 3669 ualuisse.

435 3713 541 3776 tuisse
563 3712 728 3774 traditur.
877 3713 1028 3791 <meeum
1049 3715 1212 3794 faciunt).

477 3821 549 3899 §b
594 3823 699 3899 atque
734 3820 831 3898 bueo,

435 3930 475 3988 ut
507 3944 569 4005 eqo
601 3927 756 3988 arbitror
786 3947 834 3989 oe·

437 4036 522 4094 teres
564 4051 680 4094 rerum
721 4034 836 4113 mauis

435 4140 562 4202 arentis
583 4140 711 4202 monili
728 4160 834 4220 quam
916 4140 948 4202 si
979 4143 1097 4202 euentu
1126 4143 1276 4216 <meorum

434 4247 572 4309 ratione
596 4248 690 4310 dooti
705 4249 833 4327 proba·
875 4247 1038 4324 furiunt).

434 4358 576 4428 uerunt·
609 4354 833 4433 pbilosopbo-
916 4354 947 4415 si
973 4355 1104 4416 summi
1118 4356 1274 4433 pbiloso-

433 4480 513 4522 rum
548 4480 626 4522 uero
664 4460 834 4540 exquisita
870 4462 937 4540 pbi
947 4464 1097 4539 <meeum
1107 4464 1270 4542 faciunt).

435 4569 608 4648 quaedam
626 4572 834 4647 arqumenta

434 4694 495 4736 mir
525 4678 609 4737 esset
639 4693 718 4736 uero
747 4676 832 4736 diui-

433 4782 533 4843 natio
561 4782 712 4844 eonleoto
737 4785 829 4854 sunt.

433 4893 471 4951 of.
494 4891 538 4969 §s
561 4892 648 4952 5-8.

472 5112 522 5169 Ex
550 5112 609 5170 hao
637 5111 873 5186 comparatione
898 5129 996 5186 supra
1018 5112 1163 5170 instituta
1186 5113 1252 5170 veri
1274 5113 1375 5171 simile
1397 5113 1473 5171 mihi
1495 5130 1566 5172 esse
1586 5114 1713 5172 videtur

431 5219 464 5278 in
493 5219 580 5278 fonte
608 5236 672 5295 quo
694 5219 803 5279 Cicero
824 5236 906 5278 usus
927 5221 991 5296 est,
1021 5237 1162 5296 eaquae
1185 5217 1228 5298 ἐξ
1251 5219 1391 5280 sib-97
1413 5223 1608 5297 tractantur,
1639 5222 1713 5282 ante
