4125 6300
1029 740 1068 800 38

1118 926 1208 1005 534.
1254 946 1325 1005 quo
1371 945 1407 988 ea
1448 927 1689 989 coniunctione

1075 1036 1225 1095 caturae
1256 1037 1288 1095 et
1316 1034 1419 1113 quusi
1445 1036 1609 1095 concentu
1638 1034 1688 1095 ot-

1077 1159 1143 1220 que
1190 1158 1356 1203 conscensu
1369 1187 1467 1201 .....
1512 1140 1690 1202 conuenire

1073 1250 1188 1326 potest
1219 1250 1283 1309 cut
1313 1247 1436 1309 &sum
1463 1247 1585 1308 iecoris
1612 1265 1689 1309 cum

1078 1355 1199 1417 lucello
1221 1354 1322 1415 meo?

450 1459 530 1537 ques
550 1458 728 1535 <incenit>
749 1461 883 1522 sortes?
1120 1461 1210 1540 585.
1256 1460 1440 1523 dicendum
1457 1461 1568 1539 ipitor
1581 1463 1691 1538 potos

1079 1568 1121 1630 de
1140 1568 1317 1629 sortibus?

451 1672 542 1751 §15.
588 1671 635 1733 At
662 1674 787 1735 medici
816 1692 1021 1753 quoque-
1120 1675 1210 1753 512.
1256 1676 1319 1734 out
1366 1673 1480 1735 morbi
1523 1676 1691 1735 naturam

409 1780 463 1841 ito
490 1780 581 1841 enim
610 1779 747 1841 dicebas
773 1816 810 1823 -
835 1799 937 1859 saepe
960 1780 1023 1842 fol·
1079 1782 1220 1859 <cotes>
1252 1780 1400 1842 'amitus
1441 1797 1548 1858 quom
1586 1780 1691 1842 medi·

412 1886 543 1947 luatur.
583 1885 678 1960 Quid
707 1888 821 1949 simite
852 1887 1025 1948 medicina
1079 1907 1138 1950 aes
1151 1934 1250 1949 .....
1276 1886 1509 1965 adsequetur?

411 1993 510 2054 meus
540 2011 601 2071 epo
631 1994 805 2055 rationem
835 1994 952 2070 cidc0,
993 1997 1026 2056 et
1121 1994 1212 2073 513.
1257 2012 1342 2055 uum
1383 1993 1494 2072 igitur·
1534 1996 1597 2055 out
1633 1994 1692 2054 ha-

413 2099 600 2176 dioinotio,
640 2119 730 2179 qnae
763 2101 856 2162 uode
888 2101 1026 2162 oriatur
1079 2120 1202 2179 reaper
1244 2104 1307 2162 out
1347 2117 1463 2180 oopus
1501 2103 1564 2161 out
1600 2102 1694 2161 cates

412 2224 483 2267 ooo
505 2205 693 2285 intellepo?
1081 2208 1160 2287 quis
1185 2209 1248 2268 out
1270 2207 1451 2268 somnians
1472 2207 1596 2269 melius
1617 2225 1692 2269 con-

1080 2314 1210 2392 tecerit,
1243 2317 1306 2375 out
1331 2313 1489 2375 emorho
1512 2332 1693 2375 musonem
1766 2310 1769 2317 ’

1081 2424 1263 2500 aegrotum
1277 2466 1376 2481 .....
1398 2437 1504 2499 quom
1519 2420 1695 2482 medicaea?

1123 2527 1214 2606 516.
1249 2527 1413 2589 medicus
1450 2527 1610 2588 morbum
1643 2528 1693 2588 io-

1081 2636 1332 2713 prooescentem
1358 2634 1497 2696 ratione
1519 2634 1691 2712 providet.

454 2824 548 2881 Hanc
566 2822 608 2880 ob
630 2840 696 2880 rem
718 2839 781 2880 non
804 2824 898 2881 modo
922 2823 1068 2883 Schichio
1090 2842 1154 2883 non
1176 2824 1314 2883 concedo
1333 2823 1562 2883 Clitomachum
1577 2823 1694 2881 librum

414 2930 610 3004 singularem
637 2929 677 2987 de
704 2930 899 2988 divinatione
927 2931 1095 3006 scripsisse
1123 2933 1195 3006 sed,
1227 2932 1254 2989 si
1279 2932 1350 2989 licet
1371 2931 1410 2988 de
1430 2930 1490 2989 hac
1511 2930 1696 3004 quaestione

413 3036 594 3094 coniectura
621 3035 741 3110 aliquid
769 3037 914 3111 assequi,
945 3038 1053 3096 malim
1082 3040 1195 3112 putare
1222 3037 1445 3097 Academicum
1473 3038 1562 3095 illum
1586 3036 1696 3095 eodem

413 3142 495 3202 libro
522 3143 626 3218 egisse
652 3145 683 3202 et
711 3144 750 3202 de
778 3145 893 3203 natura
922 3144 1054 3204 deorum
1083 3147 1113 3204 et
1142 3145 1181 3204 de
1208 3144 1413 3204 divinatione.
1447 3144 1556 3219 Neque
1580 3146 1697 3203 temere

413 3250 534 3308 dictum
551 3250 725 3325 videbitur,
750 3252 777 3309 si
795 3251 1007 3328 adiungemus
1025 3253 1135 3312 eodem
1152 3269 1281 3326 quoque
1298 3252 1380 3310 libro
1399 3268 1579 3334 sermonem
1596 3251 1697 3308 tuisse

414 3356 556 3432 delate,
582 3357 637 3415 sed
659 3358 698 3416 de
719 3357 779 3416 hac
800 3375 834 3416 re
854 3359 887 3416 in
909 3359 1117 3433 consequenti
1138 3360 1341 3435 paragrapho
1361 3359 1485 3433 loquar.

455 3464 751 3523 Hartfelderus
779 3483 851 3524 cum
883 3465 1030 3524 Schichio
1059 3465 1288 3526 Clitomachum
1318 3467 1569 3539 Panaetiumque
1593 3465 1697 3523 fontes

310 3555 313 3558 ’
414 3570 448 3628 in
468 3570 550 3629 libro
571 3571 711 3630 secundo
731 3572 832 3630 tuisse
853 3589 987 3631 censens
1010 3590 1075 3630 non
1097 3573 1191 3631 talem
1210 3573 1249 3631 de
1267 3571 1452 3632 Clitomachi
1470 3589 1565 3647 opere
1578 3571 1697 3630 coniec-

415 3680 522 3735 turam
549 3677 679 3736 addidit.
714 3677 776 3736 Sed
804 3679 874 3736 iure
902 3679 1126 3738 animadvertit
1150 3678 1333 3739 Schichium
1355 3696 1479 3752 errare,
1510 3696 1583 3737 cum
1605 3677 1697 3738 Clito·

416 3784 565 3842 machum
593 3785 632 3842 de
660 3785 827 3844 Chaldaeis
856 3802 921 3844 non
949 3786 1132 3861 disputasse
1160 3786 1330 3846 contendat
1342 3784 1386 3862 1),
1419 3786 1505 3860 quod
1528 3786 1697 3844 Eudoxum

415 3891 479 3949 iam
511 3891 551 3948 de
582 3891 748 3950 Chaldaeis
779 3892 884 3966 egisse
915 3892 998 3952 dicat
1031 3894 1140 3953 Cicero
1173 3891 1220 3969 (ΙΙ
1252 3891 1316 3969 87).
1354 3893 1436 3952 Nam
1467 3910 1531 3951 non
1562 3894 1610 3951 est
1641 3909 1699 3950 cur

417 3996 649 4056 Chaldaeorum
681 3999 759 4056 artis
790 3999 921 4057 omnino
952 4000 1090 4059 inscium
1122 4001 1223 4058 luisse
1253 4000 1484 4060 Clitomachum
1512 4000 1695 4074 opinemur,

417 4103 535 4178 quippe
550 4105 605 4179 qui
621 4108 692 4179 post
709 4105 879 4164 Eudoxum
897 4106 1020 4164 vixerit.
1042 4105 1105 4166 Sed
1122 4124 1316 4183 magnopere
1332 4107 1513 4165 mirandum
1530 4108 1578 4164 est
1593 4106 1698 4164 virum

416 4209 544 4268 doctum
573 4228 637 4269 non
666 4213 884 4286 quaestionem
912 4213 1076 4288 posuisse,
1111 4231 1168 4271 cur
1197 4213 1306 4272 Cicero
1333 4213 1366 4270 in
1395 4213 1492 4271 rebus
1521 4211 1699 4272 Chaldaicis

418 4315 559 4374 Panaetii
589 4317 707 4375 librum
739 4318 876 4393 aliquem
909 4320 1015 4394 potius
1047 4336 1144 4394 quam
1176 4318 1408 4379 Clitomachum
1436 4317 1626 4377 adhibuerit.
1661 4316 1697 4374 Id

417 4423 604 4498 praesertim
635 4425 662 4482 ei
694 4424 874 4483 iaciendum
906 4429 991 4500 erat,
1025 4427 1081 4500 qui
1113 4427 1187 4484 data
1219 4442 1316 4501 opera
1347 4426 1578 4484 demonstravit
1607 4424 1699 4484 Clito·

417 4531 566 4588 machum
588 4530 627 4588 de
647 4530 697 4588 his
719 4531 816 4589 rebus
837 4532 950 4607 egisse.
979 4531 1041 4602 Sed
1063 4533 1102 4591 de
1124 4533 1183 4591 hac
1205 4550 1239 4591 re
1260 4550 1334 4591 mox
1356 4532 1454 4591 verba
1476 4532 1600 4591 faciam.

459 4637 489 4696 H
497 4655 516 4696 o
524 4638 612 4713 yeri
640 4638 828 4697 sententiam
856 4639 961 4698 denuo
990 4639 1146 4715 attingere
1173 4656 1255 4714 opus
1281 4643 1431 4714 nonest,
1463 4640 1643 4714 quodcum
1664 4656 1700 4698 eo

417 4745 480 4803 iam
509 4762 608 4819 supra
638 4742 682 4820 (p.
707 4743 759 4821 29)
789 4763 906 4804 manus
931 4747 1079 4806 conserui
1100 4747 1140 4805 de
1159 4746 1241 4806 libro
1262 4749 1365 4822 primo
1386 4764 1502 4823 agens,
1534 4765 1628 4821 quem
1650 4747 1701 4804 ille

417 4868 483 4910 una
511 4868 583 4910 cum
612 4852 753 4910 secundo
780 4853 936 4911 tractavit.
968 4853 1123 4911 Antiocho
1151 4855 1256 4911 autem
1286 4851 1462 4929 vindicam)
1493 4853 1526 4911 II
1556 4849 1600 4931 ᾗῇ
1624 4851 1697 4927 119,

452 5116 477 5173 li
514 5118 647 5169 Schichius
665 5137 690 5185 p.
713 5120 758 5183 13,
782 5121 822 5172 14.

452 5205 474 5276 2)
511 5207 632 5272 Hoyerus
651 5225 676 5274 p.
696 5208 746 5273 61,
765 5209 814 5273 62,
833 5209 876 5261 47.
