4125 6300
1007 750 1045 809 57

386 937 491 997 locum
519 938 705 1012 corruptum
734 953 805 995 esse
831 938 955 1011 censet,
990 938 1155 1011 Kayserus
1176 936 1251 1012 legit
1272 933 1501 996 diocliensem
1522 953 1594 995 cum
1616 936 1664 994 ed.

388 1045 527 1105 Iuntina.
554 1042 784 1105 Remoramne
803 1077 842 1086 —
862 1044 903 1103 de
924 1041 1092 1103 Remuria
1113 1043 1153 1103 cf.
1168 1043 1227 1103 Ov.
1241 1045 1314 1102 fast.
1329 1043 1434 1103 V479.

587 1205 745 1264 Romulus
765 1204 953 1278 obsequitur
973 1204 1141 1278 lucemque
1161 1203 1312 1263 Remuria
1333 1203 1408 1265 dicit

667 1311 770 1387 illam,
794 1328 859 1386 qua
879 1310 991 1386 posItis
1012 1311 1097 1370 iusta
1118 1311 1268 1369 feruntur
1288 1310 1368 1371 avis,

387 1473 418 1530 ct
438 1471 514 1530 Aur.
539 1471 616 1531 Vlct.
641 1472 681 1531 dc
701 1489 747 1530 or.
772 1489 803 1547 g.
828 1472 864 1530 R.
890 1470 945 1547 2³,
971 1472 999 1531 1.
1023 1487 1122 1546 „cum
1143 1470 1243 1547 igitur
1264 1488 1299 1531 se
1320 1434 1476 1547 Romulus
1497 1473 1527 1530 et
1549 1472 1668 1539 Remus

388 1578 427 1636 de
453 1578 618 1638 condenda
647 1578 728 1639 urbe
754 1581 942 1654 tractarent,
971 1579 1004 1637 in
1030 1595 1094 1653 qua
1115 1578 1176 1654 ipsi
1198 1580 1317 1654 pariter
1338 1581 1526 1655 regnarent,
1551 1578 1668 1637 Romu-

387 1685 503 1759 lusque
529 1685 650 1761 locum,
682 1686 737 1760 qui
766 1685 826 1744 sibi
853 1685 988 1745 idoneus
1010 1685 1189 1761 videretur,
1217 1685 1250 1744 in
1273 1687 1379 1745 monte
1400 1684 1544 1745 Palatino
1565 1685 1669 1760 desig·

388 1795 479 1851 naret
500 1794 698 1868 Romamque
718 1793 869 1868 appellari
892 1792 1000 1867 vellet,
1025 1794 1201 1867 contraque
1220 1792 1295 1851 item
1317 1794 1436 1851 Remus
1450 1792 1484 1851 in
1499 1792 1561 1851 alio
1575 1792 1665 1867 colle,

388 1900 443 1973 qui
475 1899 585 1959 aberat
615 1917 634 1959 a
666 1899 787 1959 Palatio
819 1899 948 1959 milibus
979 1900 1140 1974 quinque,
1175 1900 1376 1974 eundemque
1407 1900 1511 1959 locum
1542 1916 1581 1959 ex
1609 1918 1669 1961 suo

388 2006 516 2066 nomine
552 2007 735 2066 Remurium
766 2004 962 2083 appellaret’¹
996 2008 1068 2066 cett.
1113 2007 1251 2066 OrelIIus
1284 2024 1348 2066 non
1380 2007 1450 2067 iure
1482 2005 1670 2069 Romamne

388 2113 535 2189 coniecit,
560 2131 635 2173 nam
656 2114 759 2189 prima
781 2112 903 2189 syllaba
923 2114 1009 2173 vocIs
1027 2110 1128 2173 Remi
1147 2113 1255 2173 brevis
1276 2116 1333 2172 est.

230 2329 283 2404 49,
300 2327 373 2388 110:
389 2309 562 2387 diuinatio
583 2372 658 2388 ....
685 2325 863 2388 naturalis
885 2372 963 2388 ....
987 2326 1169 2388 reserenda
1196 2328 1246 2388 est
1266 2327 1315 2388 od
1335 2328 1502 2389 naturam
1525 2328 1669 2390 deorum

388 2450 412 2493 a
442 2451 514 2511 ριιιι
534 2479 541 2493 .
558 2479 565 2493 .
581 2479 611 2494 ..
636 2434 781 2495 donatos
811 2432 951 2495 animoa
982 2436 1014 2495 et
1046 2432 1173 2495 libatos
1204 2432 1385 2510 habemus,
1418 2435 1457 2495 ci.
1491 2434 1582 2513 §di
1626 2438 1670 2496 Dc

277 2586 281 2595 .
388 2542 474 2600 omni
495 2542 555 2601 hac
576 2544 667 2617 parte
687 2542 759 2601 libri
781 2542 875 2617 primi
897 2542 970 2601 vide
989 2542 1225 2601 dissertationis
1246 2545 1342 2617 caput
1364 2543 1397 2601 II
1421 2540 1441 2619 ἓ
1463 2543 1481 2603 5
1502 2545 1533 2602 ct
1555 2543 1589 2604 G.

101 2811 106 2826 .
230 2762 433 2840 49,111:de
453 2760 656 2825 Atheniensi
676 2762 803 2825 Solone
828 2797 864 2807 -
888 2765 956 2824 Vel.
973 2766 1059 2824 Max.
1081 2764 1159 2840 V3,
1178 2764 1196 2823 3
1218 2766 1338 2823 extem.
1364 2763 1490 2840 „Solon
1512 2764 1670 2824 Pisistrati

389 2870 591 2947 tyrannidem
613 2870 738 2946 primns
759 2871 838 2930 vidit
859 2871 1029 2947 orientem,
1054 2871 1142 2930 solus
1162 2872 1261 2930 armis
1278 2870 1415 2946 opprimi
1432 2870 1548 2931 debere
1565 2873 1670 2947 palam

389 2978 532 3037 dictitare
553 2995 654 3038 ausus
674 2976 760 3038 est.”
786 2978 875 3054 Diog.
894 2979 928 3039 L.
947 2977 1013 3054 12,
1032 2978 1050 3037 3
1074 2976 1160 3055 (49):
1176 2975 1283 3047 Ἄιξας
1304 2973 1365 3055 γὰρ
1388 2974 1529 3057 (Σόλων)
1552 2978 1595 3046 εἰς
1616 2977 1671 3058 τὴν

389 3082 556 3165 ἔκκλήσιαν
581 3082 658 3164 μετὰ
680 3083 836 3164 θώρακος
856 3083 910 3145 καὶ
931 3082 1065 3153 ἀσπίδος
1085 3088 1234 3163 προεῖπεν
1254 3082 1359 3153 αὐτοῖς
1380 3082 1435 3164 τὴν
1456 3084 1595 3147 ἐπίθεσιν
1615 3090 1670 3146 τοῦ

389 3189 622 3271 Πεισιστράτου·
654 3191 708 3253 καὶ
738 3192 777 3253 οὐ
807 3191 925 3272 μόνον,
956 3191 1034 3254 ἀλλὰ
1063 3191 1116 3253 καὶ
1143 3191 1277 3271 βοηθεῖν
1304 3191 1428 3270 ἕτοιμος
1449 3190 1541 3264 εῖναι,
1569 3192 1671 3272 λέγων

389 3302 492 3359 ταῦτα·
508 3297 638 3377 Ἄνδρες
654 3297 830 3379 Ἀθηναῖοι,
852 3303 916 3360 τῶν
936 3297 996 3378 μὲν
1013 3298 1212 3378 σοφώτερος,
1233 3302 1297 3360 τῶν
1316 3297 1350 3360 di
1369 3297 1586 3378 ἀνδρειότερός
1599 3300 1669 3379 εἰμι·

390 3405 574 3486 σοφώτερος
589 3403 649 3484 μὲν
666 3409 729 3466 τῶν
747 3405 802 3486 τὴν
819 3405 942 3485 ἀπάτην
959 3403 1183 3484 Πεισιστράτον
1200 3405 1245 3486 μὴ
1261 3406 1437 3468 συνιέντων
1455 3405 1672 3486 ἀνδρειότερος

391 3510 425 3575 δὲ
445 3516 509 3574 τῶν
529 3512 745 3592 ἐπισταμένων
760 3512 833 3592 μὲν,
857 3512 906 3575 διὰ
926 3512 998 3582 δέος
1017 3512 1052 3574 di
1066 3513 1272 3575 σιωπώντων.
1285 3515 1403 3575 Aeliau.
1418 3516 1453 3575 V.
1469 3516 1510 3575 H.
1524 3517 1602 3574 VIII
1617 3518 1669 3576 16:

392 3617 532 3700 (Σόλων)
555 3620 616 3699 ἔφη
639 3619 685 3680 ὅτι
705 3623 769 3681 τῶν
789 3620 849 3699 μέν
869 3621 930 3682 ε’στι
951 3621 1153 3700 σοφώτερος,
1175 3623 1238 3681 τῶν
1260 3619 1294 3682 δὲ
1312 3619 1536 3699 ἀνδρειότερος.
1559 3619 1672 3683 ὅπσσοι

390 3725 449 3806 μὲν
479 3726 524 3807 μὴ
557 3727 801 3805 γιγνώσκουσιν,
834 3727 879 3789 ὅτι
910 3727 1058 3808 φυλακὴν
1089 3726 1200 3806 λαβὼν
1229 3726 1302 3806 περὶ
1333 3726 1367 3788 τὸ
1396 3732 1492 3806 σῶμα
1520 3727 1672 3807 τύραννος

391 3833 489 3904 ἔσται,
527 3832 605 3896 ἀλλὰ
642 3833 762 3896 τούτων
799 3834 859 3913 μέν
896 3835 957 3896 ἐστι
994 3835 1196 3914 σοφώτερος,
1235 3833 1348 3896 ὁπόσοι
1380 3834 1415 3896 δὲ
1446 3834 1672 3914 γιγνώσκοντες

392 3939 616 4014 ὑποσιωπῶσι,
654 3940 774 4003 τούτων
812 3940 1028 4021 ἀνδρειότερός
1066 3941 1154 4003 ἐστιν.
1193 3941 1211 4002 ὁ
1243 3940 1278 4002 di
1308 3940 1419 4020 λαβὼν
1451 3941 1506 4022 τὴν
1537 3941 1671 4022 δύναμιν

391 4047 543 4127 τύραννος
563 4045 611 4128 ἦν.

231 4265 285 4340 50,
304 4254 544 4325 noceamus
564 4274 652 4335 quos
673 4256 758 4318 olim
781 4256 897 4319 Fauni
916 4258 1078 4336 ratesque
1099 4256 1268 4318 cauebant
1288 4289 1328 4298 —
1350 4256 1412 4317 Cic.
1432 4258 1522 4317 Brut.
1542 4258 1593 4333 19,
1619 4259 1671 4319 75:

393 4366 508 4425 tomen
539 4362 652 4440 illius,
688 4382 789 4442 quem
819 4362 858 4424 iu
889 4363 1028 4427 cotibus
1059 4366 1090 4425 et
1118 4362 1252 4424 Faunis
1279 4365 1489 4424 annumerat
1517 4363 1669 4442 Ennius,

392 4469 518 4531 bellum
546 4468 718 4532 Punicum
746 4470 850 4549 quasi
876 4469 1036 4548 Myronis
1058 4488 1148 4548 opos
1169 4469 1323 4532 delectat.
1350 4469 1369 4549 5
1394 4470 1447 4530 76:
1469 4469 1516 4532 sit
1536 4471 1674 4533 Ennius

390 4594 489 4654 eone,
520 4579 561 4638 ut
581 4579 630 4639 est
650 4579 752 4654 certe,
777 4577 981 4656 perfectior,·
1003 4577 1066 4655 qui
1086 4576 1118 4639 ai
1138 4576 1256 4654 illum,
1281 4579 1321 4638 nt
1341 4575 1502 4654 simulat,
1527 4580 1672 4639 coutem-

391 4686 501 4760 neret,
530 4701 601 4746 nou
623 4683 744 4748 omnio
765 4684 855 4746 dello
869 4702 1081 4762 persequens
1095 4682 1257 4762 primum
1278 4683 1370 4746 iilud
1392 4683 1562 4744 Punicum
1584 4703 1672 4746 ocer-

390 4788 521 4852 rimum
537 4791 663 4854 bellum
676 4791 882 4871 reliquisset.
907 4790 975 4853 Sed
988 4791 1063 4869 ipae
1074 4790 1160 4852 dicit
1171 4809 1231 4852 cur
1242 4791 1282 4852 id
1292 4790 1416 4852 faciat·
1438 4790 1671 4869 „scripsere”

391 4896 525 4976 inquit,
564 4897 656 4988 „alii
686 4915 759 4960 rem
790 4897 971 4960 corsicam
1005 4900 1038 4959 et
1071 4897 1239 4960 luculente
1271 4897 1412 4976 quidem
1443 4896 1670 4975 scripserunt,

392 5004 498 5066 etium
518 5004 551 5066 si
571 5004 689 5066 minua
710 5022 817 5083 quom
839 5008 877 5067 tu
892 5004 1014 5082 polite.
1040 5004 1108 5066 Neo
1126 5022 1204 5066 cero
1226 5002 1291 5065 tibi
1308 5004 1411 5066 aliter
1427 5003 1539 5065 uideri
1559 5004 1670 5082 dedet,

393 5109 456 5190 qui
476 5130 499 5173 a
519 5110 649 5173 Naeuio
669 5111 723 5173 cel
741 5111 923 5189 cumpsiati
944 5110 1072 5189 multo,
1097 5111 1283 5188 ciminia,
1307 5112 1359 5173 uel
1375 5111 1407 5172 si
1421 5128 1542 5189 nepus,
1566 5110 1673 5172 surri-

386 5216 512 5297 puisti.
544 5217 564 5297 ᾖ
589 5220 641 5278 71:
665 5217 767 5297 quid,
781 5218 906 5280 nostri
925 5221 1051 5280 ueteres
1071 5236 1188 5280 uersus
1208 5217 1269 5279 udi
1289 5220 1380 5279 cunt.
