4125 6300
807 1681 999 1750 casui
1030 1681 1299 1749 ΤΕΗΤΙΗΜ.

514 1825 806 1884 annotationes
834 1825 1006 1885 aritiaas
1031 1828 1069 1885 et
1096 1825 1330 1901 exegetieas
1359 1824 1587 1883 continens.

452 2040 491 2098 ln
512 2039 761 2098 annotatonibus
782 2039 899 2097 oritiois
918 2038 1076 2113 imprimis
1098 2038 1216 2097 eontuli
1233 2037 1382 2097 lectiones
1400 2037 1542 2096 oodiaum
1562 2036 1691 2095 Leiden-

412 2147 495 2204 sium
516 2146 744 2204 Vossianorum
767 2163 798 2203 n.
819 2144 857 2204 84
881 2142 933 2221 (A)
956 2148 987 2204 et
1008 2163 1039 2204 n.
1061 2145 1099 2204 86
1123 2142 1193 2221 (Β),
1218 2144 1474 2202 Vindobonensis
1493 2161 1524 2201 n.
1544 2142 1601 2202 189
1618 2140 1688 2219 (V),

412 2253 579 2311 Heinsiani
612 2253 685 2310 item
724 2252 887 2311 Leidensis
924 2249 1000 2328 (H):
1038 2269 1176 2326 quarum
1210 2251 1381 2310 lectionum
1418 2250 1627 2326 gravissimae
1658 2248 1690 2306 in

411 2359 663 2435 praefationibus
685 2360 802 2418 Baiteri
822 2362 853 2417 et
874 2359 999 2418 Mirlleri
1018 2360 1181 2435 leguntur,

452 2467 503 2525 Ad
526 2467 676 2525 librum
698 2468 881 2541 primum.

252 2595 278 2636 a.
294 2578 309 2635 1
325 2574 344 2653 ἕ
358 2576 389 2635 1;
410 2572 491 2633 iaie
506 2571 834 2650 praestantissimae
853 2570 906 2632 rei
925 2589 1050 2632 aamea
1068 2571 1182 2633 nostri
1199 2589 1221 2631 a
1233 2570 1344 2647 divis,
1373 2568 1508 2645 Graeci,
1532 2571 1573 2629 at
1590 2567 1691 2629 Plato

411 2678 676 2757 interpretatae,
696 2697 718 2740 a
733 2678 850 2739 farore
861 2677 1042 2739 duxerant.
1057 2713 1094 2720 -
1112 2680 1151 2739 oi.
1167 2680 1250 2755 plat„
1261 2679 1397 2738 Phaedr.
1412 2678 1503 2736 XXII
1517 2676 1561 2754 (p.
1576 2673 1691 2751 allel:

410 2790 467 2846 νῦν
484 2784 570 2846 δὲτὰ
584 2785 713 2863 μέγιστα
729 2788 792 2845 τῶν
807 2783 943 2863 ἀγαθῶν
959 2784 1034 2864 ἡμῖν
1051 2784 1182 2863 γίγνεται
1197 2782 1248 2844 διὰ
1262 2782 1391 2863 μανίας,
1408 2782 1480 2862 θείᾳ
1491 2782 1597 2861 μέντοι
1608 2779 1693 2869 (idaei

412 2891 600 2971 διδομένης.
615 2938 622 2951 .
638 2938 668 2952 ..
693 2890 731 2952 οὐ
754 2890 814 2970 γὰρ
830 2892 869 2952 ἂν
885 2897 923 2971 τῇ
938 2889 1082 2971 καλλίστῃ
1100 2892 1207 2971 τέχνῃ,
1229 2888 1249 2971 ᾖ
1266 2888 1300 2951 τὸ
1315 2888 1430 2968 μέλλον
1444 2889 1593 2968 κρίνεται,
1616 2886 1692 2948 αὐτὸ

411 3003 502 3060 τοῦτο
534 2999 637 3076 ὄνομα
668 2996 874 3076 ἐμπλέκοντες
903 2996 1041 3077 μανικὴν
1072 2990 1238 3058 ἐκάλεσαν·
1271 2995 1339 3057 ἀλλ’
1374 2995 1421 3064 ὡς
1436 3000 1438 3005 ’
1451 2994 1551 3056 καλοῦ
1583 2994 1689 3069 ὄντος,

412 3106 486 3169 ὅταν
513 3106 585 3186 θείᾳ
608 3106 706 3186 μοίρᾳ
727 3105 881 3186 γίγνηται,
913 3104 997 3166 οὕτω
1019 3104 1202 3183 νομίσαντες
1223 3103 1349 3181 ἔθεντο,
1381 3103 1411 3164 oi
1432 3101 1466 3164 δὲ
1487 3106 1545 3165 νῦν
1565 3101 1691 3180 ἀπειρο-

411 3213 519 3282 κάλως
539 3212 574 3275 τὸ
595 3218 652 3273 ταῦ
673 3211 919 3291 ἐπεμβάλλοντες
938 3211 1093 3291 μαντικὴν
1114 3211 1273 3273 ἐκάλεσαν.

299 3425 332 3498 1,
357 3423 390 3482 2:
414 3418 633 3480 traiectiones
658 3418 838 3480 stellarum
859 3422 975 3477 —aut
1001 3419 1109 3477 stellae
1130 3419 1297 3477 volitantes
1319 3419 1374 3477 aut
1395 3419 1550 3492 vagantes
1572 3415 1692 3491 signiti-

412 3530 535 3586 oantur.
560 3527 706 3585 Moserus
727 3526 767 3584 de
787 3525 981 3601 vagantibus
1002 3505 1182 3584 sermonem
1204 3542 1275 3584 esse
1291 3527 1414 3599 censet,
1440 3524 1525 3598 quod
1543 3521 1692 3583 Chaldaei

412 3651 476 3692 non
503 3633 671 3692 volitantes
693 3634 815 3708 stellas,
846 3633 901 3692 sed
923 3617 1029 3707 potius
1052 3648 1183 3691 sursum
1207 3631 1392 3704 vagantium
1414 3630 1584 3688 observent
1608 3628 1689 3704 (ooll.

412 3740 504 3815 119,
535 3740 573 3800 36
601 3741 656 3799 ubi
684 3742 723 3798 de
751 3741 892 3799 siderum
921 3756 1019 3798 eursu
1044 3741 1075 3797 et
1096 3742 1184 3797 motu
1206 3755 1312 3797 sermo
1332 3735 1405 3810 est).
1439 3735 1502 3796 Sed
1524 3736 1633 3812 Lydus
1654 3735 1694 3793 de

412 3848 553 3908 Ostentis
575 3866 600 3906 o.
625 3847 658 3906 4:
683 3845 837 3932 ,πολλάκις
858 3844 907 3914 δὲ,
935 3847 1053 3921 inquit,
1078 3843 1131 3904 καὶ
1153 3842 1307 3921 διάπυρος
1329 3841 1445 3921 ἀστὴρ.
1462 3888 1469 3902 .
1486 3888 1517 3902 ..
1543 3841 1693 3920 ὁιατρέχει

412 3957 475 4015 τῶν
507 3951 708 4031 Παρθυαίων
738 3951 859 4032 ἔφοδον
885 3950 1120 4031 μαντευόμενος
1151 3955 1181 4011 et
1208 3953 1241 4010 in
1270 3951 1555 4026 consequentibus:
1588 3949 1641 4009 καὶ
1669 3948 1697 4008 εί

411 4059 471 4137 μὲν
498 4060 532 4131 ἐξ
557 4059 676 4138 ἄρκτου
705 4057 837 4139 διᾴττων
858 4058 995 4138 ἐκτρέχει
1017 4056 1159 4125 αὔλακάς
1179 4079 1210 4118 τε
1230 4054 1333 4135 πυρὸς
1353 4055 1403 4117 ε’τιὶ
1424 4053 1477 4116 τὸν
1498 4055 1576 4134 ἀέρα
1597 4059 1692 4124 ποιεῖ,

411 4170 477 4228 ibid
498 4187 524 4228 o.
549 4169 602 4227 20:
631 4167 659 4227 εἰ
684 4165 718 4227 δὲ
747 4164 850 4246 θιᾴττῃ
864 4164 992 4244 ἀστὴρ,
1020 4163 1152 4243 φθορὰν
1174 4165 1258 4225 οίτου
1280 4163 1333 4225 καὶ
1354 4162 1542 4241 ἀνθρώπων
1563 4145 1692 4231 ἀπειλεῖ,

412 4275 487 4336 ὅταν
515 4274 621 4352 μέντοι
652 4272 716 4333 ἀπὸ
747 4272 910 4334 ἀνατολῶν
941 4273 983 4340 εἰς
1015 4270 1139 4351 δυσμὰς
1170 4271 1309 4350 ε’κτρέχῃ.
1343 4273 1392 4330 Ex
1424 4271 1474 4331 his
1507 4272 1586 4347 Lydi
1616 4271 1693 4329 loeis

411 4383 532 4441 efficias
567 4383 673 4457 potius
709 4382 749 4440 de
784 4382 913 4440 cometis
950 4398 1021 4438 esse
1055 4380 1277 4456 cogitandum,
1316 4397 1388 4438 aum
1419 4378 1585 4453 explicatio
1616 4378 1693 4436 artis

413 4489 645 4550 Chaldaeorum
673 4505 770 4563 quam
799 4488 885 4563 apud
914 4487 976 4546 Gio.
1002 4487 1042 4546 de
1070 4487 1133 4544 div.
1159 4487 1192 4544 II
1220 4486 1274 4560 42,
1305 4485 1343 4544 89
1365 4485 1500 4561 legimus
1521 4484 1606 4542 litem
1629 4502 1692 4542 non

411 4596 548 4655 dirimat.
582 4595 631 4653 Ibi
660 4592 817 4654 traiectio
845 4612 909 4654 non
937 4594 1077 4653 oaourrit
1104 4596 1134 4652 et
1163 4593 1271 4652 stellae
1298 4592 1425 4666 quidem
1454 4579 1598 4649 errantes
1627 4591 1695 4649 sive

405 4703 557 4777 planetae
584 4702 624 4761 ad
653 4702 851 4760 nascentium
878 4701 943 4759 iata
965 4700 1123 4775 pertinere
1144 4700 1309 4775 dicuntur,
1342 4700 1397 4758 sed
1418 4699 1457 4756 de
1478 4697 1607 4757 aornetis
1629 4715 1693 4757 non

414 4825 518 4867 sermo
539 4811 596 4867 est.
621 4807 728 4876 Quare
748 4808 853 4866 adhue
873 4807 1029 4866 incertum
1051 4809 1112 4881 est,
1137 4806 1214 4881 quid
1237 4805 1345 4866 Cicero
1367 4804 1535 4880 signifieat.

299 5016 333 5093 1,
357 5016 390 5076 2:
417 5011 583 5074 Chaldaei
600 5031 671 5073 aaa
689 5031 726 5073 ea
743 5011 832 5073 artis
845 5011 906 5073 sed
921 5029 957 5072 aa
971 5009 1085 5089 peritia
1100 5009 1265 5071 vocabalo
1282 5007 1507 5069 aoatiaati—
1522 5009 1561 5068 of.
1579 5008 1694 5067 Strabo

414 5121 484 5179 XVI
515 5122 546 5196 1,
578 5121 596 5181 6
624 5141 654 5197 p.
680 5121 737 5180 739
767 5122 807 5179 B:
838 5119 899 5179 έοτι
928 5117 962 5178 δὲ
990 5117 1044 5179 καὶ
1071 5115 1174 5196 φῦλον
1201 5139 1227 5177 τι
1249 5119 1311 5177 τῶν
1332 5112 1507 5176 Χαλδαίων
1529 5113 1582 5175 καί
1602 5113 1693 5194 χώρα

414 5233 468 5307 τῆς
490 5225 698 5305 Βαβυλωνίας
718 5225 772 5287 ὑπ’
797 5225 927 5286 ἐκείνων
949 5224 1130 5304 οἰκουμένη.
